3159 5167
468 1044 777 1111 ΣΩΚΡΑΤΟΥΣ
798 1048 1058 1113 ΑΠΟΛΟΓΙΑ.

52 1232 119 1290 Rsk,
151 1235 177 1291 1,
248 1221 277 1283 1.
308 1208 430 1285 odo’et
464 1221 617 1293 πλείους,
655 1204 686 1279 ὦ
724 1206 849 1305 ἄνδρες
888 1209 1089 1303 Ἀθηναῖοι,
1124 1221 1197 1287 τῶν
1234 1231 1312 1290 νυνὶ

195 1334 333 1400 τούτων
371 1332 491 1398 αἰτιῶν
529 1331 698 1415 ἐπάγοιτο
735 1355 785 1407 τις
828 1334 1019 1422 Σωκράτει,
1055 1344 1196 1405 πείθων
1221 1330 1312 1425 ὑμᾶς

195 1440 246 1528 ὠς
271 1442 405 1533 ἀνάγκη
430 1448 548 1526 κακῶς
572 1447 745 1513 οἰκεῖσθαι
769 1446 834 1532 τὴν
859 1449 964 1515 πόλιν
980 1449 1027 1536 μὴ
1042 1454 1174 1524 τούτου
1187 1456 1312 1536 δόντος

197 1572 307 1651 δίκην,
333 1557 400 1631 οὐκ
426 1557 468 1629 dv
493 1588 553 1650 μοι
579 1562 676 1630 δοκῶ
700 1560 742 1628 τὸ
765 1562 813 1648 μὴ
839 1557 884 1644 ori
908 1571 1010 1649 φίλος
1022 1559 1121 1652 αὐτῷ
1133 1578 1192 1636 καὶ
1212 1596 1311 1658 γεγο-

195 1691 289 1750 νέναι
313 1690 372 1748 καὶ
396 1682 512 1748 πάντα
536 1680 695 1770 χρῆσθαι
711 1676 772 1745 τὸν
786 1681 918 1770 χρόνον
931 1684 967 1748 ἐν
980 1672 1060 1767 ὑμῖν
1074 1677 1311 1775 ἀρνήσασθαι.

714 1863 749 1921 V.
771 1864 803 1921 L.

236 1990 306 2063 ὑπὲρ
327 1991 502 2059 Σωκράτους
524 1985 686 2056 ἀπολογία,
706 1999 733 2054 p-
1378 2065 1384 2083 Ι

241 2089 303 2149 1,ὦ
334 2088 443 2160 ἄνδρες,
473 2084 508 2139 A.
568 2080 727 2157 ἐπάγοιτο,
757 2079 793 2137 U·
815 2079 850 2137 V·
870 2080 912 2151 L„
942 2080 1062 2161 ἐπάγει,
1089 2106 1116 2162 p.
1137 2088 1171 2147 R.
1231 2094 1311 2174 αὐτῷ

194 2195 293 2252 πάλη,
316 2190 481 2262 γεγονέναι,
502 2179 570 2237 Cob.
589 2179 621 2236 in
641 2198 688 2237 ore
709 2179 753 2236 sui
772 2179 841 2238 libri
859 2183 1013 2241 annotavit.

337 2348 639 2411 ANNOTATIONES
660 2349 705 2407 IN
725 2348 957 2409 APOLOGIAM
977 2331 1166 2415 SOCRATIS.

232 2490 390 2564 Inscriprtio.
429 2486 529 2545 Nostri
563 2482 672 2542 arbitrii
712 2489 763 2554 est,
793 2490 890 2543 utrum
919 2487 1050 2545 codicum
1078 2489 1311 2569 inscriptionibus

191 2590 275 2648 fidem
305 2588 455 2646 habeamus
484 2605 582 2644 necne.
623 2584 658 2641 In
688 2584 864 2660 excerpendo
885 2585 982 2644 codice
1001 2608 1030 2664 p.
1050 2592 1124 2647 3016
1144 2591 1175 2648 in
1193 2592 1312 2669 inscrip-

191 2692 297 2750 tionem
326 2687 425 2758 incidi,
456 2706 491 2745 ex
520 2706 576 2764 qua
595 2682 763 2742 'luculenter
789 2691 912 2760 apparet,
942 2706 1026 2764 quam
1055 2690 1141 2747 stulte
1166 2690 1224 2749 irae
1243 2713 1310 2751 suae

191 2788 343 2847 indulserit
372 2786 534 2855 monachus,
558 2784 615 2871 ¹qui
641 2783 754 2841 Libanii
773 2785 929 2843 orationem
949 2786 1050 2844 XVHI
1068 2788 1225 2866 inscripsit:
1246 2791 1308 2855 ἐπι·

103 2961 105 2965 Ι
193 2902 299 2961 τάφως
331 2892 372 2959 εἷς
404 2888 567 2949 'lacerasti
600 2891 650 2945 cbo
684 2887 821 2958 δυσσεβῆ.
862 2884 970 2942 Eodem
1006 2886 1090 2944 modo
1122 2888 1154 2945 in
1182 2890 1245 2949 cod.
1275 2892 1306 2950 L,

192 2990 316 3063 poradta
337 2990 385 3047 ἐπὶ
408 2986 446 3061 τῷ
469 2988 629 3061 παραβαίη
649 2995 698 3045 καὶ
721 2988 850 3061 ἀσελγεῖ
871 2988 1032 3067 Ἰαυλικνῷ.
1073 2987 1154 3047 Quae
1178 2991 1233 3049 sibi
1253 2992 1309 3050 dis-

190 3086 341 3163 plicebant,
370 3084 479 3143 librarii
509 3083 676 3142 mutilabant
705 3084 751 3141 vel
780 3102 796 3140 e
825 3089 905 3142 textu
923 3087 1126 3161 eliminabant,
1146 3094 1309 3168 praesertim

191 3184 300 3261 quoties
321 3202 413 3241 amore
434 3202 464 3240 ae
485 3182 579 3239 studio
600 3182 702 3239 veteris
723 3182 870 3257 religionis
890 3191 1034 3261 permotus
1045 3188 1181 3247 Libanius
1193 3191 1310 3249 Christi·

190 3302 256 3340 anos
277 3281 488 3341 contumeliosis
508 3280 601 3338 verbis
620 3282 849 3358 persequebatur,
881 3284 916 3341 of.
936 3285 1066 3344 lacunam
1088 3289 1120 3345 in
1140 3296 1208 3347 orat.
1231 3291 1311 3348 XXV

190 3399 254 3455 pag.
276 3382 331 3441 176
352 3378 421 3454 (R),
442 3396 526 3455 quam
546 3377 635 3435 codex
655 3377 779 3438 Vindob.
801 3380 877 3437 solus
898 3384 1000 3459 explet.

230 3481 256 3535 l.
278 3487 410 3549 πλείους,
442 3476 484 3535 Ut
512 3476 591 3534 Plato
622 3477 737 3554 fereque
768 3498 865 3536 omnes
886 3480 988 3539 Graeci
1007 3483 1156 3559 scriptores
1176 3486 1311 3547 Libanius

190 3580 274 3638 modo
294 3578 466 3637 accusativos
486 3578 517 3634 in
536 3612 575 3621 —-
596 3605 652 3650 ους,
674 3578 757 3637 modo
778 3579 810 3637 in
829 3614 867 3623 -
888 3610 955 3656 ονκς
977 3590 1101 3661 usurpat.
1127 3585 1311 3645 Animadver-

189 3679 307 3738 tendum
326 3684 420 3737 temen
441 3682 491 3747 est,
513 3697 597 3754 quam
617 3677 701 3735 variis
722 3679 815 3736 modis
835 3681 950 3739 eaedem
970 3684 1074 3741 formae
1083 3684 1224 3761 imprimis
1234 3688 1311 3764 apud

189 3780 357 3857 posteriores
377 3779 475 3836 aetatis
496 3779 646 3856 scriptores
666 3780 805 3855 legantur,
825 3788 858 3839 ut
879 3783 927 3841 vix
947 3804 1154 3861 pernoscamus,
1169 3791 1310 3869 quomodo

188 3880 233 3937 illi
253 3878 424 3955 scripserint.
445 3878 490 3935 Sic
510 3898 536 3937 v.
558 3898 581 3936 o.
602 3878 704 3937 frustra
724 3900 849 3958 quaeres,
870 3884 942 3961 quid
960 3885 992 3942 in
1012 3890 1029 3943 3
1045 3907 1073 3964 p.
1086 3890 1205 3965 optativi
1215 3890 1312 3948 aoristi

188 3978 264 4056 apud
284 3977 435 4035 Libanium
455 3978 576 4036 scribere
596 3986 776 4056 praestet-
797 3985 879 4058 ειε(ν)
899 3985 946 4041 rel
964 4019 1003 4027 —-
1023 4012 1063 4057 aa,
1084 4006 1264 4067 quamquam,
1284 3989 1310 4046 si

157 4098 158 4101 ¹
189 4083 263 4137 recte
295 4077 449 4149 observavi,
482 4078 595 4156 quando
626 4081 730 4139 vocalis
750 4083 844 4141 littera
863 4085 999 4163 sequitur,
1020 4087 1124 4147 formae
1144 4089 1176 4147 in
1194 4124 1233 4133 —
1253 4117 1309 4153 ειεν

187 4175 224 4233 ed
243 4175 351 4233 hiatum
371 4175 536 4233 evitandum
562 4176 593 4233 in
613 4196 668 4235 usu
689 4184 763 4237 sunt.
784 4179 865 4239 Idem
886 4183 961 4241 valet
980 4183 1016 4241 de
1036 4185 1129 4243 verbis
1148 4186 1180 4244 in
1199 4221 1238 4231 -
1259 4216 1308 4267 υμι

190 4282 218 4337 et
237 4277 273 4335 de
292 4277 431 4336 sexcentis
450 4276 513 4335 aliis
534 4278 706 4354 huJusmodi.
