3159 5167
736 474 802 538 100

733 723 807 790 XII.

248 973 284 1041 1..
309 974 395 1042 Ann.
420 974 530 1042 Senea.
555 975 638 1042 Med.
665 998 711 1042 vs.
739 977 806 1042 296
831 998 878 1063 eq.
905 975 953 1041 ita
977 929 1131 1062 legerim:
1231 989 1235 992 ’

390 1162 495 1228 Nimis
520 1166 580 1241 eet,
605 1163 726 1228 recidas
750 1162 872 1248 aliquid
897 1182 934 1227 ex
959 1162 1021 1225 isto
1047 1158 1133 1236 lieet,

392 1278 445 1344 En
469 1279 539 1364 ipsa
564 1300 712 1364 propero.

722 1551 815 1620 XIII.

253 1805 289 1870 L.
316 1806 401 1871 Ann.
426 1805 535 1874 Senee.
561 1807 599 1871 de
622 1805 678 1871 Ira
701 1805 745 1872 11.
775 1806 829 1872 10.

255 1923 338 1999 Quid
362 1924 389 1988 ei
411 1925 474 1990 illie
496 1923 591 1989 iraeei
615 1923 706 2002 velis,
730 1924 816 2008 qued
841 1928 1021 2012 aegrotant,
1046 1924 1228 1997 senescunt,
1250 1917 1328 1982 fati·

207 2045 335 2131 gantur.
1247 2033 1249 2038 ’

257 2158 321 2254 Pro
347 2157 410 2222 illie
435 2154 549 2222 malim
571 2157 702 2222 sanitae.

725 2429 816 2498 XIV.

257 2686 342 2752 Plin.
369 2685 475 2768 Epist.
502 2684 528 2750 Ι.
558 2687 611 2750 12.
637 2686 668 2752 2.

259 2802 345 2870 Nam
369 2806 542 2897 utcumque
566 2803 600 2867 in
625 2803 691 2868 illie
716 2799 772 2887 qui
798 2802 909 2868 morbo
933 2803 1093 2869 finiuntur
1115 2823 1268 2888 magnum
1291 2823 1331 2865 ex

212 2920 282 3004 ipsa
322 2917 513 2983 necessitate
546 2918 701 2984 solacium
737 2924 798 3016 est,
830 2919 864 2984 in
899 2919 940 2984 iis
964 2941 1050 2999 vero,
1075 2939 1157 3003 quoa
1180 2916 1332 2985 arcessita

213 3061 300 3104 mors
336 3038 448 3116 aufert,
475 3037 529 3103 hie
553 3037 745 3106 insanabilis
769 3039 862 3105 dolor
886 3045 944 3119 est,
969 3040 1056 3124 quod
1079 3039 1249 3104 ereduntur
1272 3060 1332 3121 po·

216 3154 315 3220 tuisse
339 3155 394 3220 clia
418 3153 536 3218 vieere.

263 3268 346 3358 Lege
370 3271 495 3335 diutius.

735 3520 810 3588 XV.

262 3775 362 3844 (lieet.
388 3778 428 3842 ad
453 3777 490 3853 Q.
505 3775 649 3844 Fratrem
666 3779 697 3843 2.
717 3777 733 3841 l
750 3780 768 3864 g
783 3779 815 3843 2.
832 3777 1060 3844 »Marcellinus
1074 3825 1082 3840 .
1096 3825 1105 3842 .
1120 3825 1128 3842 .
1141 3776 1335 3842 sententiam

215 3894 308 3972 dixit,
344 3898 380 3960 ut
416 3894 484 3978 ipse
516 3893 638 3978 judiees
675 3917 732 3978 per
756 3898 934 3979 praetorem
960 3878 1118 3959 urbanum
1141 3892 1333 3970 sortiretur3

213 4011 357 4100 judicum
383 4009 555 4076 sortitione
574 4011 671 4088 faeta.
698 4011 828 4076 eomItia
850 4009 1076 4077 haberentur.”

267 4127 382 4213 nIpse”
420 4131 491 4194 est:
529 4128 597 4212 ipse
629 4127 848 4206 Marcellinus,
884 4134 921 4220 ut
955 4129 1095 4214 primum
1131 4105 1334 4194 consulatum

215 4245 292 4309 iniit
329 4246 383 4332 (ef.
426 4243 617 4324 Mommsen,
653 4243 788 4313 Stanter.
827 4244 863 4308 23
899 4268 930 4333 p.
962 4246 1029 4312 585
1054 4268 1086 4311 n.
1112 4245 1132 4308 5
1158 4243 1334 4333 etlange,

217 4361 257 4428 R.
284 4359 324 4428 A.
352 4356 388 4425 32
412 4382 444 4445 p.
471 4361 563 4448 319).
