3159 5167
766 447 785 511 8

211 656 351 723 Oobetus
386 659 578 744 suspicatur,
617 659 799 743 Polycratis
835 658 1014 724 orationem
1048 658 1186 723 Libanio
1217 661 1329 725 notam

210 773 319 854 fuisse,
344 756 455 839 verum
480 797 548 841 esse
571 798 637 841 non
659 779 776 859 potest.
826 774 916 840 Dicit
939 773 997 840 ille
1020 775 1056 839 in
1073 774 1282 860 Mnemosyne
1301 772 1326 861 1)

211 892 252 956 ad
285 892 303 975 ᾖ
339 891 402 955 182
436 892 515 957 hoc:
553 891 652 957 Vides
690 892 866 979 Diogenem
902 897 935 958 et
958 892 1131 959 Libanium
1155 894 1265 958 eodem
1290 914 1330 956 ex

209 1007 299 1071 fonte
334 1007 491 1073 hausisse.
539 1006 631 1074 Unde
662 1008 787 1094 igitur?
834 1008 990 1085 Libanius
1013 1010 1098 1076 nihil
1121 1010 1210 1074 aliud
1232 1030 1329 1093 quam

209 1120 273 1204 τὴν
298 1123 363 1191 τοῦ
392 1124 606 1214 Σωκράτους
630 1130 843 1214 κατηγορίαν
867 1126 997 1191 refutat.
1045 1126 1189 1191 Eandem
1201 1124 1328 1209 saepius

209 1238 371 1325 Diogenes
408 1242 448 1305 ad
471 1243 579 1323 partes
604 1245 708 1305 vocat.
757 1240 946 1323 Polycrates
969 1241 1072 1327 igitur
1094 1241 1192 1325 hujus
1216 1263 1329 1305 narra·

210 1356 309 1421 tionis
344 1346 540 1422 auctorest.
589 1356 665 1421 Non
689 1357 753 1421 nisi
776 1379 879 1440 pauca
903 1358 942 1423 de
965 1357 1146 1441 Polycratis
1170 1358 1329 1422 declama-

208 1470 298 1536 tione
334 1495 372 1537 ex
408 1472 559 1537 Isocratis
590 1472 739 1539 Busiride
773 1476 806 1538 et
830 1496 847 1538 e
869 1474 992 1539 scholio
1016 1474 1155 1560 quodam
1178 1474 1213 1538 in
1236 1473 1329 1538 Aris-
1364 1439 1375 1468 s

209 1590 308 1655 tidem
343 1592 502 1671 novimus,
527 1614 686 1676 nusquam
710 1591 796 1656 enim
821 1592 901 1656 alibi
925 1596 1131 1657 memoratur.
1180 1591 1271 1667 Quod
1294 1593 1329 1656 in

208 1705 367 1771 Busiridis
391 1708 453 1791 §.5
496 1708 534 1772 de
571 1706 736 1772 Alcibiade
772 1706 902 1799 dicitur,
926 1707 1070 1773 invenies
1095 1730 1221 1793 quoque
1244 1709 1329 1791 apud

208 1822 465 1907 Xenophontem,
502 1845 596 1908 quem
629 1823 664 1887 in
688 1824 749 1889 hoc
773 1823 908 1889 crimine
930 1824 1101 1890 refutando
1124 1824 1211 1889 haud
1234 1824 1330 1890 dubie

208 1937 365 2003 Libanius
388 1939 537 2004 imitatus
562 1943 620 2018 est,
646 1943 683 2003 ut
707 1962 723 2003 e
747 1939 854 2005 verbis
878 1939 956 2023 ipsis
981 1918 1131 2023 apparet3
1156 1940 1271 2005 deinde
1295 1939 1329 2004 in

209 2055 332 2119 scholio
356 2056 414 2120 illo
440 2054 589 2121 Socrates
615 2078 721 2121 coram
745 2055 911 2139 dissipulis
935 2054 1083 2139 Ulyssem
1096 2056 1243 2122 laudasse
1251 2078 1328 2121 nar·

208 2178 308 2253 ratur,
342 2177 426 2259 quod
459 2174 552 2239 nobis
585 2173 841 2258 eXenophonte
865 2174 969 2239 multo
992 2175 1108 2239 melius
1131 2180 1245 2241 notum
1269 2178 1328 2241 est.

254 2288 367 2373 Neque
392 2288 508 2354 Zelleri
533 2289 642 2375 opinio
665 2288 842 2372 probabilis
867 2288 948 2354 mihi
972 2311 1039 2353 esse
1063 2289 1200 2368 videtur,
1225 2291 1328 2375 quiin

207 2405 292 2470 libro
328 2428 386 2470 suo
420 2408 457 2471 de
493 2405 703 2489 Philosophia
740 2404 947 2483 Graecorum,
972 2416 1056 2471 2.]93
1081 2405 1178 2471 dicit:
1216 2405 1327 2493 Gegen

207 2522 392 2605 Polycrates
415 2525 543 2589 wundte
567 2523 635 2589 sich
658 2522 780 2607 Lysias’
793 2522 954 2609 Apologia
966 2522 1020 2587 des
1033 2522 1191 2605 Socrates,
1207 2525 1328 2589 welche

207 2638 363 2704 Libanius
387 2640 440 2703 fiir
465 2640 515 2704 die
541 2638 670 2724 Seinige
694 2639 830 2704 bendtzt
854 2640 919 2703 und
943 2662 1004 2702 uns
1028 2639 1171 2704 dedurch
1201 2662 1257 2705 aus
1275 2640 1329 2706 ihr

208 2758 273 2821 und
306 2760 361 2823 der
393 2756 656 2841 Polycratischen
693 2758 815 2842 einiges
839 2757 988 2821 erhalten
1010 2756 1086 2833 hat3
1111 2758 1220 2822 eadem
1244 2758 1329 2822 enim

208 2880 398 2960 argumenta
421 2876 455 2940 in
479 2876 562 2940 hanc
587 2876 769 2960 opinionem
793 2880 890 2959 atque
914 2875 948 2937 in
973 2873 1087 2939 Gobeti
1107 2874 1227 2953 valent,
1248 2897 1329 2959 quae

171 3060 174 3067 ι
207 2996 351 3075 repetere
387 2993 585 3076 supersedeo.
633 2991 758 3055 Extant
796 2994 905 3086 autem
944 2990 1100 3074 quaedam
1121 2988 1205 3073 apud
1228 2988 1325 3054 Liba-

206 3106 306 3187 nium‚
340 3112 496 3193 quantum
531 3108 635 3186 rideo,
677 3107 756 3173 alibi
781 3129 938 3191 nusquam
963 3110 1222 3184 commemorata,
1246 3128 1328 3191 quae

206 3226 315 3288 tamen
350 3246 416 3288 non
447 3224 569 3303 dubito,
607 3224 685 3308 quin
720 3228 842 3307 partim
866 3227 976 3289 noster
1000 3224 1069 3307 ipse
1094 3224 1327 3309 excogitaverit

206 3341 335 3425 partim,
373 3366 479 3427 quum,
495 3348 546 3408 tot
569 3344 698 3408 fabulae
722 3345 761 3408 de
786 3341 918 3407 Socrate
941 3348 1150 3407 narrarentur
1174 3346 1270 3427 atque
1292 3345 1326 3409 in

207 3481 261 3524 ore
293 3460 460 3525 hominum
495 3462 650 3538 viverent,
684 3482 749 3524 non
783 3459 949 3543 inquirens
972 3463 1082 3524 utrum
1105 3482 1198 3525 verae
1222 3465 1327 3526 essent

206 3598 316 3657 necne,
356 3578 529 3643 memoriae
572 3576 759 3662 prodiderit.
810 3575 863 3641 Sic
898 3599 928 3640 v.
966 3598 992 3641 c.
1029 3577 1126 3663 fingit
1161 3577 1325 3658 libanius,

207 3691 370 3760 Socratem
402 3693 580 3759 hereditate
612 3717 631 3758 a
665 3697 757 3777 patre
794 3697 925 3776 accepta
959 3692 1134 3776 spoliatum
1158 3714 1235 3772 esse,
1268 3715 1327 3759 nec

206 3809 347 3876 Socratis
382 3813 556 3896 disputatio
592 3813 630 3877 de
666 3810 865 3896 Theognidis
898 3832 992 3874 versu
1029 3810 1167 3893 quodam
1196 3810 1326 3876 aliunde

206 3928 349 3992 innotuit
373 3925 410 4013 ²).
460 3928 593 4003 Quando
618 3928 719 4013 igitur
743 3925 871 4010 Anytus
896 3927 980 4010 apud
1000 3924 1172 3991 Libanium
1183 3929 1326 3990 tantum-

203 4094 402 4103 ———-.——

243 4182 266 4258 ἱ)
286 4181 416 4239 Mnemos
452 4184 534 4249 1875,
554 4200 583 4257 p.
606 4182 669 4239 156.

244 4279 266 4356 ²)
286 4282 383 4340 Zeller.
405 4282 476 4340 Phil.
498 4286 524 4340 2.
546 4284 595 4338 46.
