3159 5167
778 474 800 539 6

227 689 390 773 professus
415 689 474 765 sit3
513 688 625 753 deinde
657 688 749 752 stulti
786 690 836 751 est
867 685 949 750 talia
972 685 1122 770 objicere,
1157 707 1257 770 quum
1281 709 1347 752 non

221 805 296 888 jure
319 803 475 889 magistro
498 804 689 889 imputetur,
727 804 813 888 quod
846 801 1065 867 adolescentes
1097 803 1283 880 temeritate
1311 825 1348 868 ac

227 919 361 985 libidine
384 920 516 984 faciant.
564 920 696 985 Etenim
721 920 850 1004 quando
874 922 992 985 natura
1011 918 1139 1002 juranis
1163 920 1268 984 malus
1288 924 1347 994 est,

227 1036 350 1101 frustra
372 1036 406 1099 in
430 1036 489 1101 illo
514 1035 685 1101 erudiendo
710 1058 809 1121 opera
830 1039 979 1120 ponetur,
1003 1057 1061 1100 nec
1084 1037 1156 1100 fleri
1179 1038 1296 1121 potest,
1311 1042 1349 1101 ut

229 1172 339 1216 omnes
372 1152 523 1217 malevoli
555 1174 572 1217 e
604 1152 738 1216 civitate
774 1151 990 1235 expellantur.
1037 1150 1163 1238 Deinde
1187 1174 1244 1217 cur
1268 1154 1348 1217 dnos
1466 1140 1469 1142 i

229 1267 333 1332 malos
356 1272 527 1346 memorat,
564 1268 684 1333 multos
715 1271 826 1360 tamen
849 1266 969 1351 probos
993 1267 1141 1332 omittit?
1187 1266 1347 1345 Habetne,

228 1384 314 1469 quod
343 1384 379 1447 in
415 1384 562 1462 Platone,
586 1383 756 1461 Aeschine,
783 1381 1029 1466 Chaerephonte
1058 1382 1297 1467 reprehendat?
1322 1382 1348 1468 1)

227 1497 346 1567 Nonne
374 1502 414 1566 de
437 1502 652 1586 temperantia
675 1523 748 1565 oum
771 1498 941 1585 Aristippo
965 1500 1115 1566 Socrates
1134 1502 1263 1567 locutus
1287 1507 1348 1579 est,

190 1608 193 1613 ’
228 1618 268 1681 de
298 1639 408 1681 amore
444 1638 521 1703 erga
543 1622 695 1701 parentes
720 1639 794 1682 cum
817 1616 1019 1702 Lamprocla,
1044 1619 1084 1683 de
1106 1618 1250 1683 fraterna
1273 1640 1349 1684 oon·

227 1733 336 1797 cordia
360 1755 433 1797 cum
457 1731 691 1799 Chaerecrate?
716 1732 742 1820 ⁸²)
789 1733 940 1821 Longum
977 1740 1027 1801 est
1064 1756 1234 1799 numerum
1257 1734 1348 1812 inire,

227 1850 375 1914 novimus
409 1855 517 1915 tamen
551 1873 661 1917 omnes
694 1856 773 1937 quot
807 1852 969 1935 colloquia
1005 1850 1153 1917 Socrates
1185 1850 1347 1915 habuerit.

229 1964 377 2032 Socrates
401 1968 529 2051 quidem
553 1965 709 2046 Athenas,
734 1972 772 2032 ut
796 1967 948 2045 Theseus,
971 1957 1106 2063 ¹colonos
1128 1971 1193 2030 non
1205 1965 1349 2043 deduxit,

117 2084 120 2089 ’
229 2070 343 2166 neque,
388 2086 425 2146 ut
466 2082 575 2162 Solon,
621 2083 786 2149 Salamina
829 2085 969 2149 insulam
1007 2084 1081 2148 urbi
1120 2084 1255 2160 addidit,
1295 2082 1349 2147 sed

229 2198 256 2261 si
294 2198 366 2283 quis
389 2198 456 2267 ¹has
489 2199 530 2264 ob
563 2222 675 2264 causas
707 2198 793 2265 cives
827 2200 960 2283 perdere
981 2198 1089 2277 vellet,
1113 2220 1271 2263 venenum
1293 2218 1350 2262 ros

232 2316 391 2380 deficeret.
440 2315 479 2380 In
513 2316 702 2381 memoriam
739 2338 866 2401 quoqne
900 2314 1029 2399 Anytus
1053 2320 1185 2381 revocat
1206 2319 1357 2380 restrum·

230 2431 265 2495 in
289 2432 452 2515 sophistas
475 2432 595 2510 odium,
620 2455 720 2517 quum
745 2437 854 2497 tamen
878 2430 1028 2496 Socrates
1043 2453 1109 2495 non
1125 2432 1235 2496 eadem
1247 2452 1351 2517 poena

232 2554 329 2632 atque
360 2546 582 2635 Anaxagoras,
619 2548 827 2634 Protagoras,
851 2548 1012 2635 Diagoras
1036 2549 1169 2613 affectus
1188 2549 1241 2628 sit,
1277 2568 1351 2632 per-

231 2664 377 2748 spicuum
402 2670 450 2730 est
475 2686 547 2729 eum
571 2666 704 2730 illorum
729 2664 918 2730 dissimilem
939 2666 1037 2729 fnisse
1051 2661 1090 2749 3).
1117 2663 1223 2739 Quum
1241 2670 1348 2729 autem

230 2781 266 2844 in
300 2804 358 2845 sua
393 2782 544 2847 adversus
574 2782 742 2866 ,sophistas
776 2782 936 2846 invectiva
971 2782 1060 2859 dicit,
1097 2780 1277 2846 Miltiadem
1318 2784 1350 2845 et

231 2894 490 2976 Themistoclem,
515 2899 591 2963 licet
615 2899 775 2982 sophistas
800 2898 994 2975 audiverint,
1011 2898 1130 2981 probos
1142 2898 1252 2975 fuisse,
1266 2896 1348 2962 ohli-

231 3014 375 3094 viscitur,
401 3017 559 3100 quomodo
583 3017 617 3079 in
642 3016 780 3080 vinculis
805 3015 862 3079 ille
884 3014 1029 3099 perierit,
1053 3013 1217 3077 hicasnis
1229 3013 1350 3077 civibus

232 3128 392 3215 relegatus
422 3132 466 3196 sit
489 3129 527 3215 4).
582 3131 841 3196 Animadvertite
879 3152 1017 3215 quoque,
1050 3129 1185 3215 judices,
1221 3128 1351 3215 quantis

231 3244 380 3311 laudibus
419 3246 569 3325 Pericles,
610 3247 825 3333 Anaxagorae
862 3246 1049 3331 discipulus,
1084 3245 1262 3312 honoratus
1297 3246 1351 3323 sit,

232 3381 327 3443 quem
360 3362 401 3425 ad
436 3362 567 3425 modum
603 3359 681 3425 Bias
705 3364 738 3425 et
761 3361 857 3425 multi
881 3360 939 3425 alii
963 3361 1004 3425 ab
1027 3384 1221 3447 unoquoque
1244 3358 1351 3426 defleti

232 3474 306 3539 sint.
355 3474 568 3558 Eurylochus,
594 3474 723 3560 Scopas,
741 3474 925 3540 Archelaus
935 3475 1055 3562 legatis
1066 3476 1173 3541 missis
1186 3473 1351 3540 Socratem

240 3677 457 3689 ...-..--

91 3833 96 3844 ·
232 3816 333 3886 nosset,
365 3814 413 3887 οὓς
444 3820 472 3876 οἱ
496 3817 723 3891 διαβάλλοντες
745 3819 800 3886 ene
819 3836 908 3892 paras
927 3814 1020 3891 ἕμοῦς
1040 3823 1184 3893 μαθητὴς
1205 3815 1289 3883 εἶναι,
1314 3811 1349 3871 cl·

231 3911 423 3971 719119111ιὶ1.
444 3911 471 3969 d.
493 3911 541 3969 Gr.
563 3916 589 3983 2,
612 3916 678 3971 212.

273 4020 292 4079 ¹)
313 4013 385 4071 Xan.
405 4014 493 4071 Mem.
515 4018 541 4071 1.
563 4017 589 4072 2,
610 4018 657 4073 48.

269 4114 384 4187 pren.
403 4112 490 4171 Mem.
510 4114 550 4172 11.
572 4117 598 4171 a.
619 4117 645 4184 1,
667 4117 694 4174 a.
715 4119 741 4186 a,
763 4119 789 4173 s.
811 4120 838 4175 s.
994 4159 997 4163 -

270 4208 292 4288 ³)
312 4211 382 4271 Plat.
403 4213 488 4288 Apol.
509 4216 555 4271 26.
575 4212 613 4272 D.
633 4212 706 4273 Xan.
727 4214 815 4273 Mem.
838 4218 864 4273 l.
885 4218 912 4273 2.
933 4218 979 4273 31.

270 4309 294 4386 ⁴)
313 4312 383 4370 Plat.
404 4311 490 4387 Gorg.
512 4315 577 4370 515.
597 4312 629 4382 Ο,
651 4317 715 4377 517.
737 4314 768 4375 C.
