3159 5167
794 458 839 526 93

261 671 584 758 παραμυθήσονται
608 679 666 737 καὶ
692 672 848 739 διόσουσι
872 676 1034 759 θαρρεῖν·
1060 672 1093 737 οἱ
1107 670 1145 736 δὲ
1158 671 1372 757 ἱδρυθέντες,

261 775 311 865 ῶς
335 786 471 871 ἑκάστῳ
496 792 690 872 συμβαίνοι,
715 796 774 855 καὶ
798 787 1041 873 μεταδιδόντες
1064 775 1126 853 ῶν·
1141 785 1261 869 ἔχουσι
1274 782 1373 872 πρῶ·

260 927 322 970 τον
358 904 420 989 μὲν
456 902 589 982 πολλὰς
612 904 732 982 πόλεις
756 909 964 992 σεμνοτέρας
989 904 1062 970 τῶν
1087 894 1259 988 Ἀθηνῶν
1284 893 1373 967 άπο-

262 1018 415 1101 δείξουσι
453 1022 545 1087 κατά
563 1043 601 1105 γε
637 1018 702 1105 τήν
726 1027 867 1105 σοφίαν,
893 1021 1012 1087 ἔπειτα
1043 1031 1117 1098 τοῖς
1148 1019 1265 1103 λόγοις
1290 1010 1375 1103 άμυ-

261 1135 405 1203 νοῦνται
441 1135 526 1216 wic
559 1129 768 1228 αὐτόχειρας
798 1138 1026 1224 Σωκράτους,
1051 1128 1096 1203 οὗ
1120 1133 1204 1213 τούς
1227 1158 1374 1220 κατηγο·

262 1252 425 1340 ρηκότας,
450 1244 482 1319 ῶ
505 1245 707 1337 Ἀθηναῖοι,
731 1261 901 1320 τουτουσὶ
923 1253 1068 1338 μόνους,
1095 1244 1180 1317 άλλά
1205 1258 1263 1317 καὶ
1286 1239 1376 1335 ὑμᾶς

264 1375 323 1434 καὶ
347 1366 412 1453 τήν
450 1362 554 1453 ἄλλην
590 1369 707 1448 πόλιν,
732 1358 782 1448 ῶς
806 1370 880 1436 τῶν
905 1370 1172 1458 ἐπιτρεψάντων
1197 1370 1233 1434 ἑν
1255 1367 1308 1451 τῶ
1329 1393 1376 1453 μη

263 1485 419 1551 κωλῦσαι
446 1486 679 1574 δεδρακότων.
709 1487 787 1552 196.
806 1479 947 1554 Ου’·κοῦν
962 1479 1207 1567 όνεξάλειπτον
1220 1485 1378 1574 πρόςεισι

263 1593 443 1679 τοτ’(νειδος
479 1608 536 1668 καὶ
575 1601 705 1690 χρόνος
741 1594 858 1679 οὐδεὶς
895 1602 1012 1687 στήσει
1036 1599 1100 1687 τήν
1125 1601 1256 1686 φήμην.
1276 1591 1378 1667 Ὅταν

264 1714 331 1806 γὰρ
357 1720 391 1783 οἱ
414 1717 468 1800 τῶ
491 1721 599 1802 λέγειν
625 1723 853 1806 διαφέροντες
878 1717 924 1796 εἰς
948 1714 1090 1806 γραφήν
1112 1716 1402 1801 ἑγκατάθωνταιι

265 1832 412 1919 πράξεις
450 1823 473 1919 ἢ
509 1839 649 1922 χείρους
682 1823 705 1919 ἢ
738 1836 905 1917 βελτίους,
931 1825 1065 1918 όνάγκη
1089 1832 1218 1910 ταότας
1244 1824 1378 1901 άθανά·

264 1971 349 2025 τους
385 1953 510 2033 μένειν.
540 1940 615 2033 Οὐχ
648 1938 752 2038 ὁρᾶτε
776 1946 839 2015 τὸν
868 1954 971 2016 Μίνω
998 1945 1094 2015 δεινὰ
1114 1946 1297 2031 πάσχοντα
1322 1950 1379 2014 ἐπὶ

264 2064 326 2142 τῶς
353 2064 484 2151 σκηνής
508 2072 565 2131 καὶ
588 2063 651 2149 τήν
677 2064 788 2131 οἰκίαν
815 2056 928 2130 αὐτοῦ
954 2061 1012 2130 διὰ
1035 2062 1177 2146 τοῦτής
1192 2063 1380 2149 Πασιφάης

266 2179 400 2268 ἔρωτος
424 2182 460 2245 ἐν
485 2179 632 2267 αἰσχύνη
652 2185 900 2265 γεγενημένην;
943 2180 1060 2246 Ταῐτα
1083 2185 1199 2265 μέντοι
1223 2178 1378 2258 πολλοῦς

267 2286 489 2384 άνθρῶπους
522 2294 650 2363 ἔλαθεν
672 2285 755 2383 (ἂν),
792 2295 823 2362 εἰ
844 2293 893 2381 μή
917 2295 1103 2381 πανταχοῦ
1125 2292 1187 2362 τόν
1212 2296 1318 2381 λόγον
1343 2299 1378 2364 αἱ

264 2417 459 2501 τραγῳδίαι
494 2417 705 2501 διέσπειραν·
729 2411 795 2478 νῦν
821 2400 999 2478 δ’άνθ’ῶν
1023 2410 1067 2498 τῇ
1092 2412 1193 2479 πόλει
1216 2413 1379 2496 χαλεπῶς

266 2528 522 2619 προςενήνεκτο
572 2527 718 2614 δύναμιν
756 2528 848 2612 ἔχων
886 2529 922 2593 ἐν
957 2527 1003 2614 τῇ
1028 2528 1198 2616 θαλάττῃ,
1225 2527 1283 2595 διὰ
1306 2529 1379 2597 τῶν

266 2643 427 2728 ποιητῶν
451 2650 508 2710 καὶ
531 2644 737 2729 τελευτήσας
759 2643 949 2721 κολάζεται.
972 2646 1048 2709 197.
1077 2642 1137 2729 Μή
1161 2622 1282 2713 τοίνυν
1294 2652 1380 2713 πολ-

266 2757 328 2838 λὰς
362 2760 517 2844 γλῶττας
553 2751 700 2847 ἐφ’ὖμάς
738 2754 869 2839 αὐτοὺς
910 2760 1084 2846 κινήσητε,
1108 2763 1196 2848 μηδὲ
1219 2761 1304 2842 τούς
1327 2764 1381 2848 τῶ

266 2876 444 2967 πράγματι
468 2877 636 2966 ἐροῦντας
657 2875 814 2966 ἐχθρούς
837 2876 883 2963 τῇ
907 2877 1008 2943 πόλει
1033 2880 1214 2964 ποιήσητε.
1253 2886 1322 2947 Καὶ
1346 2887 1384 2947 τί

266 3000 320 3059 δεῖ
338 3003 411 3071 τοῖς
435 2982 611 3079 ἐσομένοις
635 2991 880 3082 συγγράμμασι
905 2997 1047 3059 πείθειν
1071 2992 1118 3079 μή
1143 2995 1379 3077 βουλεύεσθαι

266 3109 404 3187 κακῶς;
447 3107 515 3177 Τόν
561 3110 712 3189 Πύθιον,
737 3099 769 3173 ῶ
792 3100 993 3194 Ἀθηναῖοι,
1019 3114 1163 3188 δείσατε,
1187 3109 1249 3176 τόν
1274 3131 1401 3203 10⁷]OE
1429 3190 1433 3196 ¹

305 3274 368 3329 195·
390 3284 455 3343 τοῖς
477 3281 646 3349 λογισμοῖς,
667 3292 704 3349 p„
725 3280 792 3343 τοῖς
814 3277 928 3349 λόγοις,
948 3272 1009 3330 rell.

306 3374 370 3431 196.
382 3378 492 3449 πρόεισι
503 3392 554 3449 pro
565 3379 700 3447 τρίςεισι,
711 3372 747 3431 U·
760 3367 794 3431 V·
825 3382 877 3447 μὲν
889 3378 901 3434 ὁ
915 3379 1098 3448 ΡτοΜῖνυ,Ρ.
1130 3371 1381 3440 άν,ὓο1ν.1ῐιεθνυ11.

307 3474 369 3533 197.
391 3472 483 3546 Verba
511 3471 579 3529 inde
606 3492 622 3528 a
652 3477 724 3545 μηδὲ
746 3481 817 3543 τεὺς
839 3489 928 3548 usque
948 3468 984 3527 ed
1003 3469 1187 3544 ἐλαύνοντας
1209 3472 1240 3529 in
1259 3494 1287 3550 p.
1308 3474 1383 3532 desi·

267 3570 408 3632 derantur.
467 3578 500 3635 τα
534 3580 658 3649 τράγμα
689 3570 881 3644 ἐλαύνοντας,
911 3574 945 3628 A·
975 3591 1013 3647 p„
1043 3572 1081 3644 τῷ
1112 3582 1271 3649 πράγματι
1292 3572 1383 3650 ἕμμέ·

268 3697 380 3741 νοντας,
400 3672 441 3741 L„
463 3682 503 3752 τῷ
525 3681 682 3750 πράγματι
714 3677 859 3750 ἐροῦντας,
879 3671 918 3729 U.-
937 3672 971 3731 V.
991 3668 1031 3729 m²
1048 3672 1080 3729 in
1099 3672 1132 3731 L

307 3811 370 3871 197.
393 3818 433 3889 τῷ
454 3816 612 3885 πράγματι
636 3794 786 3881 ἐροῦντας.
805 3808 936 3866 Retinnit
956 3808 1049 3866 Gesda
1068 3810 1219 3869 lectionem
1230 3814 1335 3872 codicis
1348 3817 1383 3874 Α.
1437 3890 1440 3896 ¹

271 3915 303 3969 τλ
336 3916 459 3985 τραγμιι
491 3914 672 3979 ἐλαύνοντας
707 3912 856 3965 annotans:
888 3911 1034 3979 ἐλαύνειν,
1064 3927 1164 3966 vexare
1192 3910 1271 3984 giebt
1300 3914 1384 3973 einen

269 4003 455 4078 ertr'egliehen
485 4004 563 4062 Sinn.
597 4004 696 4081 Inepte
730 4008 824 4061 tamen
854 4004 1035 4081 participium
1065 4007 1219 4082 praesentis
1250 4014 1383 4089 temporis

269 4104 382 4179 legitur,
412 4124 476 4161 eum
507 4104 634 4162 futurum
663 4110 774 4181 tempus
804 4110 1006 4181 exspectemus,
1036 4105 1113 4182 quod
1139 4105 1170 4163 in
1191 4108 1271 4166 codd.
1292 4110 1328 4169 U.
1350 4112 1384 4170 V.

269 4204 303 4262 L.
322 4203 474 4263 invenitur.
494 4205 718 4281 Superveeeneee
737 4204 826 4280 igitur
844 4204 1054 4263 emendationes
1083 4204 1193 4263 Beiskii
1213 4213 1242 4265 et
1261 4207 1384 4283 Metelli,

271 4323 390 4385 quorum
409 4303 455 4363 1110
476 4302 638 4377 ἐλεοῦντας
658 4304 708 4363 ille
728 4302 898 4379 ἐλάσαντας
917 4303 1072 4381 proposuit.
