3159 5167
778 467 821 536 89

245 665 371 769 όρετῆς
408 678 642 765 κομιούμενον
679 676 722 744 τὰ
760 670 868 756 ἆθλα,
905 669 956 758 ῶς
980 676 1103 760 ἕξοντα
1125 671 1225 747 κόκεῖ
1245 678 1355 759 θεοὺς

243 795 427 874 σἐσπότας,
464 786 515 874 ῶς
552 795 804 881 ἐντευξόμενον
841 787 973 863 αὐτόθι
1006 807 1078 874 τοῖς
1110 808 1281 883 ποιηταῖς,
1307 786 1356 874 ῶς

242 913 467 1002 ἐρησόμενον.
495 914 572 979 186.
598 901 721 997 ’Υμεῖς
746 913 787 979 όέ
810 910 857 998 μὴ
883 923 1043 979 σκοπεῖτε
1055 918 1091 977 τί
1098 912 1189 996 τῶσε
1205 913 1356 998 κοῦφον,

243 1019 329 1093 ἀλλὰ
352 1033 389 1093 τί
406 1038 480 1104 τοῖς
502 1026 626 1111 νόμοις
650 1031 854 1111 συμβαῖνον.
896 1019 949 1094 Οὐ
985 1025 1053 1117 γὰρ
1078 1025 1167 1093 κατὰ
1188 1026 1252 1113 την
1282 1035 1357 1094 Σω·

242 1143 396 1233 κρότους
421 1145 616 1228 ἐπιθυμίαν
642 1135 853 1228 ὀμωμόκατε
876 1149 1103 1229 ψηφιεῖσθαι,
1124 1141 1211 1210 κατὰ
1225 1144 1358 1222 σέτούς

242 1259 374 1344 νόμους
408 1257 493 1336 τούς
528 1265 720 1344 κειμένους,
758 1248 811 1325 ῶν
849 1250 965 1336 οὐδεὶς
1002 1258 1129 1325 κωλόει
1157 1258 1358 1345 μεμνῆσθαι

243 1375 414 1461 ποιητῶν.
449 1377 527 1440 187.
558 1375 713 1459 Μεγάλοι
737 1376 800 1461 μὲν
825 1366 893 1443 οὖν
917 1367 1027 1442 αὐτὸν
1052 1378 1088 1442 ἐν
1108 1366 1236 1444 ’Ἃιδου
1260 1399 1357 1467 περι·

242 1497 383 1577 μένουσι
416 1498 541 1577 μισθοὶ
577 1497 658 1576 βίον
683 1491 876 1582 σῶφρονος
900 1499 958 1558 καὶ
978 1499 1137 1578 κοσμίου,
1162 1497 1295 1576 λαβέτω
1321 1494 1359 1560 σε’

243 1617 300 1676 καὶ
332 1601 421 1700 παρ’
457 1599 571 1696 ἐμῶν,
608 1601 640 1675 ῶ
676 1601 878 1694 Ἀθηναῖοι,
909 1607 994 1688 τούς
1019 1601 1278 1695 ὀφειλομένους,
1303 1600 1357 1676 ὅτι

243 1733 351 1813 πένης
389 1719 600 1817 ἄνθρωπος,
638 1734 778 1811 γυναικὶ
815 1725 1002 1806 συνοικῶν,
1040 1733 1164 1795 παισία
1203 1733 1357 1818 τρέφων,

245 1845 302 1910 ἐπὶ
337 1844 399 1929 μὲν
435 1841 476 1909 τό
514 1848 688 1928 συλλέγειν
724 1835 897 1934 ἆργόριον
921 1849 978 1910 καὶ
1003 1834 1049 1910 σι’
1073 1833 1125 1909 ῶν
1151 1834 1193 1909 ἃν
1218 1833 1357 1933 ἐπῆρχε

245 1959 385 2050 τρυφᾶν
410 1951 478 2027 οὐκ
504 1960 689 2050 ἐτρόπετο,
716 1958 859 2040 σισόξας
884 1961 922 2026 σε’
944 1956 1029 2037 τοὺς
1053 1959 1155 2026 ἐνσον
1170 1951 1355 2043 ἀνέχεσθαι

243 2075 307 2162 τῆς
330 2075 442 2160 τιῖχης
465 2072 584 2151 κοινός
610 2077 805 2164 ἐπίτροπος
821 2073 960 2162 περιῄει
973 2073 1045 2140 τῶν
1058 2073 1226 2153 πολιτῶν,
1244 2073 1358 2159 ζητῶν

247 2199 305 2258 καὶ
330 2192 617 2277 πυνθανόμενος,
642 2194 735 2276 είτῳ
748 2204 831 2270 παῖς
844 2180 919 2258 ὑπὸ
930 2196 1044 2276 μέθης
1056 2181 1079 2275 ἢ
1092 2192 1213 2274 κίε-’βων
1226 2183 1251 2278 η’
1262 2215 1358 2269 τινος

246 2301 351 2376 ἄλλου
377 2315 590 2399 σιέφθαρται
616 2308 740 2388 κακοῦ,
768 2306 955 2391 καταβοῶν
972 2313 1137 2397 πατέρων
1151 2306 1358 2396 ραθυμοόν·

243 2447 327 2500 των,
338 2415 531 2512 ἐπεγείρων
545 2420 764 2513 στρατηγοὺς
776 2421 1032 2501 καθεόσοντας,
1042 2414 1179 2507 ε’νόγων
1192 2425 1239 2500 εἰς
1248 2447 1357 2514 φρον-

242 2546 339 2618 τίσας
363 2529 528 2629 ῥήτορας,
562 2539 688 2606 λυπῶν
712 2536 777 2624 την
801 2539 918 2624 λύπην
930 2537 994 2625 τὴν
1007 2540 1263 2606 λυσιτελοῦσαν.
1282 2541 1356 2606 188.

243 2645 367 2746 Ἐιόρα
390 2654 459 2746 γὰρ
482 2663 540 2723 καὶ
563 2654 650 2734 τους
674 2653 818 2747 ίατροές
841 2655 973 2741 ταύτην
997 2655 1124 2734 ἰόντας.
1155 2651 1300 2724 Τοέτων
1314 2649 1358 2728 ιἰν

243 2771 390 2859 μιμητής
415 2771 562 2862 περὶτὰ
586 2773 722 2856 βέλτιον
745 2772 922 2863 μέρος.οί
948 2771 1102 2862 μὲνγὰρ
1126 2785 1198 2851 τοῖς
1222 2773 1357 2858 στόμασι

243 2890 454 2976 βοηθοῦσιν,
480 2879 500 2955 ὁ
525 2887 563 2956 σέ
588 2888 652 2972 τὴν
676 2887 798 2975 ψυχήν
824 2881 1058 2979 έπηνῶρθου.
1101 2898 1180 2967 Ἰυῖς
1204 2888 1267 2974 μέν
1292 2882 1358 2958 οὖν

243 3005 283 3073 τὸ
309 3007 528 3096 φαυλότερον
565 3005 728 3091 ἰωμένοις
753 2998 847 3089 έχετε
870 3006 973 3095 χάριν
996 3012 1055 3071 καὶ
1078 3005 1193 3084 καλῶς
1216 3018 1355 3084 ποιεῖτε,

241 3115 304 3190 τόν
340 3114 379 3191 δ’
392 3113 486 3214 ὑπὲρ
521 3123 588 3190 τοῦ
622 3099 835 3213 τιμιωτέρου
859 3121 1089 3207 πεπονηκότα
1113 3114 1352 3203 όποκτενεῖτε;

246 3241 322 3307 189.
350 3246 419 3308 Καὶ
442 3239 550 3309 τοῦτο
574 3240 722 3326 λη’ψεται
746 3237 890 3325 μισθὸν,
918 3229 971 3304 ὅτι
988 3237 1123 3316 πάντας
1135 3230 1354 3324 Ἀθηναίους

244 3348 406 3440 ἐβούλετο
443 3355 572 3436 καλοὺς
607 3349 796 3442 κόγαθοές
832 3356 936 3434 είναι;
965 3360 1034 3422 Καὶ
1055 3359 1060 3440 Ι
1083 3344 1101 3421 ό
1126 3353 1189 3440 μέν
1212 3355 1355 3422 πολλῶν
1376 3389 1445 3451 Rsk·
1457 3393 1502 3449 61Ι

242 3473 352 3540 υἱέσιν
377 3465 527 3558 ἆμείνων
554 3465 692 3558 ἐγένετο
716 3473 789 3539 τῶν
815 3472 995 3562 πατέρων,
1016 3461 1112 3556 ὑμεῖς
1127 3470 1164 3539 σέ
1177 3471 1357 3551 τούςτοό-

242 3615 306 3658 του
344 3596 472 3667 παίσας
508 3589 555 3668 εἰς
592 3582 767 3681 όρφανίαν
794 3582 977 3675 ἐμβαλεῖτε,
1002 3587 1131 3674 μᾶλλον
1157 3581 1197 3655 d'
1214 3588 1261 3667 εἰς
1286 3580 1356 3655 ότι-

242 3714 340 3792 μίαν;
381 3706 459 3772 Ποῦ
495 3705 562 3796 γὰρ
599 3706 648 3772 ’ἐτι
673 3706 887 3791 φανοῦνται;
922 3703 1001 3770 Ποῦ
1025 3702 1256 3789 φθέγξονταις
1281 3703 1356 3770 ποῦ

242 3823 547 3916 παρρησιάσονται
584 3823 647 3907 τῆς
670 3821 736 3889 τοῦ
759 3819 897 3912 πατρὸς
921 3820 1107 3908 συμφορᾶς
1131 3814 1197 3888 οὔκ
1222 3814 1355 3905 έῶσης;

282 4002 345 4058 186.
366 4009 398 4063 τί
418 4005 679 4078 τελειοῦμαι),
701 4009 733 4063 τί
753 4005 836 4082 τῷδε,
857 4000 918 4058 rell·

281 4099 347 4160 187.
366 4101 482 4177 περιῄει,
502 4101 547 4170 Α,
568 4105 729 4169 ἐπίκειται,
748 4120 786 4177 p.,
807 4098 898 4176 ε’πῇει,
918 4097 950 4157 I».

282 4194 345 4249 188·
367 4199 401 4255 το
422 4198 588 4268 βέλτιστον
608 4203 704 4268 μέρος,
723 4191 754 4250 L·
775 4190 820 4260 V„
841 4198 875 4255 τί
898 4190 1037 4263 βέλτιον,
1057 4193 1092 4250 A.
1113 4188 1148 4249 U.
1159 4212 1187 4269 p.
1226 4197 1357 4272 ,ἔτικτε

243 4297 332 4360 νεῖαι,
352 4290 430 4362 001),
452 4297 655 4362 ἀποκτείνετε,
675 4289 758 4350 ⁰0dd·
