3159 5167
481 1066 790 1132 ΣΩΚΡΑΤΟΥΣ
811 1067 1071 1133 ΑΠΟΛΟΙἾΑ.

65 1255 133 1314 Rsk,
165 1258 190 1315 1,
261 1243 291 1306 1.
321 1231 444 1307 Οὗοέἰ
477 1242 631 1315 πλείους,
668 1226 700 1300 oi
737 1227 862 1326 ἄνδρες
902 1229 1102 1323 Ἀθηναῖοι,
1137 1241 1210 1307 τῶν
1247 1250 1325 1309 νυοὶ

208 1357 347 1424 τούτων
384 1354 505 1421 αἰτιῶν
543 1352 712 1437 ἐπάγοιτο
748 1376 799 1429 τις
841 1354 1033 1443 Σωκράτει,
1068 1362 1209 1423 πείθων
1235 1348 1324 1444 ὑμᾶς

209 1463 259 1551 οἷς
284 1465 418 1556 ἀνάγκη
443 1470 561 1547 κακῶς
586 1468 759 1535 οἰκεῖσθαι
783 1467 847 1553 τὴν
872 1470 977 1535 πόλιν
994 1469 1040 1555 μὴ
1055 1472 1187 1540 τούτου
1201 1476 1325 1555 δόντος

210 1596 321 1674 δίκην,
347 1580 414 1654 οὐκ
440 1579 481 1651 ἆυ
507 1609 567 1671 μοι
592 1583 690 1651 δοκῶ
714 1582 755 1649 τὸ
779 1582 826 1668 μή
853 1577 897 1662 οὐ
922 1591 1023 1669 φίλος
1036 1578 1205 1671 αὐτῷκαὶ
1226 1615 1324 1677 γεγο-

209 1713 303 1773 νέναι
327 1713 385 1771 καὶ
410 1704 526 1769 πάντα
550 1701 708 1791 χρῆσθαι
725 1698 786 1766 τὸυ
800 1701 931 1790 χρόνον
945 1704 981 1767 ἐν
994 1691 1073 1788 ὑμῖν
1088 1696 1324 1794 ἆροήοαοθαι.

728 1883 763 1941 V.
784 1882 817 1941 L.

251 2012 320 2085 ὑπὲρ
341 2014 516 2082 Σωκράτους
538 2006 700 2078 ἀπολογία,
720 2020 747 2076 p.
1392 2083 1398 2101 1

255 2112 318 2173 1.ῗο
348 2110 457 2183 ἄνδρες,
487 2106 522 2161 Α.
582 2101 741 2178 ἐπάγοιτο,
771 2099 864 2157 U.·v.
884 2100 926 2170 Ia,
956 2100 1076 2180 ἐπάγει,
1102 2124 1130 2181 p.
1151 2106 1185 2166 Β,
1245 2113 1324 2192 aar&

208 2219 307 2276 κάλοι
330 2211 495 2285 γεγονέναι,
516 2200 585 2259 Gob.
604 2199 635 2257 iu
655 2218 703 2258 ore
723 2199 768 2257 sui
786 2200 855 2258 libri
874 2202 1027 2259 annotavit.

351 2370 653 2433 auuoramouas
675 2370 719 2427 ru
739 2368 971 2429 APOLOGIAM
991 2351 1181 2434 socaarr's.

247 2512 404 2587 Iaecrqotio.
443 2507 543 2567 Nostri
577 2504 687 2563 arbitrii
727 2509 777 2574 est,
808 2509 903 2561 utrum
933 2506 1063 2564 codicum
1093 2508 1325 2587 inscriptionibus

206 2613 290 2672 fidem
319 2610 470 2670 habeamus
499 2626 596 2666 neone.
638 2604 672 2661 In
703 2604 879 2681 excerpendo
899 2604 996 2665 codice
1016 2627 1044 2683 p.
1065 2610 1138 2665 3016
1158 2610 1189 2667 in
1208 2611 1326 2688 inscrip-

206 2715 312 2772 tionem
341 2710 440 2780 incidi,
471 2728 505 2766 er
535 2727 591 2785 qua
618 2705 778 2764 luculenter
804 2709 926 2782 apparet,
957 2725 1040 2783 quarn
1070 2707 1155 2766 stulte
1181 2709 1238 2767 irae
1258 2731 1324 2769 suae

205 2810 358 2871 indulserit
386 2808 548 2877 monachus,
572 2805 630 2893 ⁴qui
655 2802 768 2862 Libanii
788 2804 944 2863 orationem
964 2805 1064 2863 XVIII
1082 2806 1240 2885 inscripsit:
1261 2809 1323 2872 ἐπι-

118 2984 120 2989 .
208 2924 314 2983 τοίοιος
345 2914 387 2981 εἷς
418 2910 582 2970 'lavatam
615 2911 665 2966 rba
698 2908 836 2979 δυσσεβῆ.
876 2902 985 2962 Eodem
1020 2905 1104 2963 modo
1137 2907 1168 2964 in
1197 2908 1260 2967 cod.
1290 2910 1321 2968 L

207 3014 330 3086 μονῳδὶοι
352 3012 400 3069 ἐπὶ
423 3008 462 3083 τῷ
484 3010 644 3083 ποροβοίοῃ
664 3015 713 3065 καὶ
736 3008 865 3080 ἀσελγεῖ
886 3007 1046 3086 Ἰουλιοινῷ.
1087 3006 1169 3066 Quae
1193 3009 1248 3067 sibi
1268 3009 1324 3068 dis·

205 3109 355 3186 plicebant,
385 3106 494 3166 librarii
523 3104 691 3163 mutilabant
720 3104 767 3161 vel
796 3122 811 3161 e
840 3109 920 3161 textu
938 3106 1141 3179 eliminabant,
1161 3112 1324 3186 praesertim

205 3207 315 3284 quoties
336 3225 428 3263 amore
449 3225 479 3262 ac
499 3203 595 3261 studio
615 3202 717 3260 veteris
738 3202 885 3277 religionis
904 3211 1049 3279 permotus
1060 3207 1197 3265 Libanius
1208 3209 1325 3267 Christi·

205 3324 272 3363 anos
291 3302 503 3362 contumeliosis
523 3301 616 3360 verbis
636 3302 864 3379 persequebatur,
896 3304 931 3361 cf.
951 3304 1081 3363 lacunam
1104 3306 1134 3364 in
1156 3314 1223 3366 orat.
1246 3309 1326 3366 XXV

205 3422 269 3479 pag.
291 3404 346 3463 176
367 3400 436 3475 (R.),
457 3418 541 3476 quam
561 3398 651 3455 codex
670 3398 795 3457 Vindob.
816 3401 892 3457 solus
913 3402 1015 3478 explet.

246 3504 271 3559 l.
293 3510 425 3571 πλείους.
458 3498 499 3556 Ut
528 3498 607 3555 Plato
637 3497 752 3575 fereque
783 3517 881 3555 omnes
901 3499 1003 3558 Graeci
1022 3502 1172 3579 scriptores
1191 3504 1327 3565 Libanius

204 3602 289 3661 modo
309 3600 481 3659 accusativos
501 3599 533 3656 in
551 3633 590 3641 —
611 3625 668 3671 ους,
689 3598 773 3656 modo
794 3600 825 3656 in
845 3634 883 3642 -
904 3629 970 3674 ονος
992 3609 1117 3680 usurpat.
1143 3604 1326 3663 Animadver-

204 3702 322 3761 tendum
342 3707 436 3759 tamen
456 3703 507 3769 est,
528 3718 613 3776 quam
632 3698 717 3755 variis
738 3698 830 3756 modis
851 3699 965 3757 eaedem
985 3702 1089 3760 formae
1100 3702 1239 3780 imprimis
1250 3707 1327 3783 apud

204 3802 373 3881 posteriores
393 3800 491 3858 aetatis
512 3799 662 3876 scriptores
681 3800 820 3875 legantur,
842 3807 873 3859 ut
894 3802 943 3860 vix
963 3823 1169 3880 pernoscamus,
1185 3810 1326 3887 quomodo

203 3903 249 3960 illi
268 3900 439 3978 scripserint.
460 3900 506 3957 Sic
526 3920 552 3958 v.
574 3919 597 3957 c.
618 3900 720 3957 frustra
739 3921 865 3978 quaeres,
886 3903 958 3981 quid
976 3904 1007 3960 in
1028 3910 1044 3962 3
1061 3926 1089 3983 p.
1102 3909 1221 3984 optativi
1230 3909 1327 3966 coristi

203 4001 279 4079 apud
299 4000 450 4058 Libanium
471 3999 592 4057 scribere
611 4006 793 4077 praestet-
813 4004 895 4077 ειε(ν)
915 4004 961 4061 vel
980 4038 1019 4046 —
1038 4032 1079 4075 aa,
1100 4025 1279 4085 quamquam,
1300 4007 1325 4064 si

204 4108 279 4159 recte
310 4099 465 4170 observavi,
497 4099 610 4177 quando
641 4101 746 4159 vocalis
765 4103 860 4160 littera
879 4104 1015 4182 sequitur,
1036 4106 1140 4165 formae
1160 4107 1192 4165 in
1210 4143 1249 4151 —
1269 4135 1325 4171 ειεν

203 4198 239 4256 ad
258 4198 367 4256 hiatum
387 4197 551 4256 evitandum
578 4197 609 4254 in
629 4218 683 4256 usu
704 4204 778 4258 sunt.
800 4199 881 4258 Idem
901 4202 977 4259 valet
996 4202 1033 4260 de
1052 4204 1145 4262 verbis
1164 4204 1196 4262 in
1215 4239 1254 4249 -
1275 4233 1324 4282 ομι

205 4306 233 4361 et
252 4300 288 4361 de
307 4298 447 4359 sexcentis
466 4297 529 4356 aliis
550 4298 722 4375 hujusmodi.
