3159 5167
244 715 300 775 aut
335 709 600 795 πολιτευόμενοι
636 706 709 799 μετ’
747 704 961 802 ἀχρηματίας
998 714 1057 779 ἐπὶ
1091 706 1153 790 τάς
1190 713 1361 802 ἐμπορίας

243 824 457 914 τραπόμενοι
493 824 535 891 τό
571 828 664 913 βῆμα
696 840 769 906 τοῖς
802 834 987 906 πλουσίοις
1010 830 1084 914 μὲν,
1108 820 1233 913 ἥκιστα
1257 829 1295 894 δὲ
1317 825 1360 894 τό

245 949 323 1009 δέον
347 933 569 1033 εῦρίσκουσιν
595 937 754 1030 άφείσαν,
770 947 985 1031 ἐνθυμεῖσθε
1002 959 1070 1013 ποῖ
1079 939 1161 1013 ποτ’
1177 937 1220 1012 ἃν
1233 938 1360 1031 άφλκτο

243 1058 286 1144 τῇ
310 1058 411 1124 πόλει
436 1056 480 1139 τᾴ
503 1059 705 1148 πράγματα.
734 1061 811 1125 104.
831 1050 912 1127 Ἵνα
936 1069 1069 1140 τοίνυν,
1094 1050 1148 1126 ότι
1171 1059 1215 1126 τὰ
1239 1079 1360 1149 χρησι-

243 1171 385 1258 μιότατα
400 1173 453 1258 τῷ
466 1175 567 1260 δημῳ
580 1176 774 1254 ποιοῦντος
787 1177 824 1242 ἐν
835 1189 910 1255 ταῖς
922 1184 1125 1255 συνουσίαις
1143 1177 1361 1266 Σωκράτους

244 1291 316 1356 οίδε
340 1292 640 1376 συκοφαντοῦσιν,
666 1292 715 1360 ἔτι
741 1299 958 1383 σαφέστερον
982 1295 1134 1380 μάθητε,
1152 1294 1361 1380 σεσιγῇσθαι

244 1406 305 1490 μὲν
344 1408 465 1490 ἐκείνῳ
505 1400 612 1474 τάλλα
649 1410 785 1495 θῶμεν,
822 1416 981 1495 λεγέσθω
1016 1413 1053 1478 δὲ
1077 1403 1164 1499 παρ’
1188 1411 1275 1496 ἐμοῦ
1299 1410 1363 1476 νῦν

243 1520 337 1611 πρὸς
372 1520 458 1601 τοῦς
482 1511 675 1614 ῦμετέρους
700 1533 840 1604 παῖδας,
865 1525 1016 1616 βλαβερὰ
1042 1520 1078 1593 δ’
1096 1520 1249 1605 ’Ἀυντος
1272 1517 1363 1591 αῦτά

244 1637 425 1718 δεικνύτω,
467 1630 534 1705 κᾶν
572 1628 673 1726 ῦμιῦν
710 1641 771 1707 ἕνα
807 1642 915 1708 τοῦτο
949 1654 1067 1709 πεῖσαι
1103 1641 1260 1728 δυνηθῇ,
1297 1639 1362 1725 τὴν

244 1747 354 1840 αῦτην
377 1763 436 1822 καὶ
460 1749 548 1846 παρ’
574 1758 661 1843 ἐμοῦ
674 1762 877 1844 λαμβανέτω
892 1764 1002 1842 δίκην.
1030 1760 1106 1824 105.
1137 1750 1211 1825 Οῦκ
1224 1750 1361 1847 ὀρθῶς,
1450 1823 1452 1827 .

225 1861 277 1945 ,ὦ
300 1877 384 1951 νέοι,
421 1879 617 1958 πεποίηκεν
636 1863 801 1964 ’Ὄμηρος
826 1876 862 1941 ἑν
886 1874 931 1961 τῇ
956 1866 1079 1940 Ἰλιάδι
1103 1872 1188 1952 τούς
1211 1876 1273 1960 μὲν
1296 1874 1363 1941 τοῦ

245 1988 359 2072 δήμου
371 1996 614 2075 τυπτομένους
627 1980 691 2057 ῦπ’
704 1984 919 2071 Ὀδυσσέως,
934 1982 986 2058 ὅτ’
1000 1985 1174 2059 άποπλεῑν
1182 1983 1361 2082 ὥρμηντο,

242 2103 326 2182 τούς
352 2097 388 2170 δ’
401 2107 437 2171 ἐν
461 2112 547 2173 τέλει
572 2108 693 2193 λόγοις
706 2115 971 2194 κατεχομένους,
984 2117 1043 2175 καὶ
1055 2109 1195 2187 του-’τοις
1208 2097 1362 2198 ἡμέροις.

249 2215 301 2288 Οό
324 2220 393 2312 γὰρ
416 2236 491 2302 ταῖς
513 2224 636 2309 τόχαις
661 2227 730 2293 ἔδει
753 2225 793 2292 τί
821 2234 956 2293 δίκαιον
980 2215 1118 2315 ὁρίζειν,
1151 2217 1225 2291 ἄλλ’
1249 2224 1280 2292 εἰ
1301 2225 1363 2310 μὲν

246 2329 394 2422 άδίκημα
430 2329 475 2422 ἦν
510 2340 658 2425 πληγῶν
696 2341 864 2425 δεόμενον
896 2338 938 2406 τό
971 2345 1155 2407 καθέλκειν
1179 2338 1241 2417 τάς
1265 2338 1363 2416 ναῦς,

244 2456 379 2535 πάντας
404 2459 510 2548 ἐχρῆν
534 2460 744 2539 τόπτεσθαι,
769 2460 801 2527 εἰ
824 2452 861 2527 δ’
875 2451 1062 2550 ἁμάρτημα
1075 2466 1239 2546 μέμψεως
1251 2451 1362 2539 άξιον,

245 2567 288 2640 οῦ
323 2574 408 2653 τοις
442 2577 504 2660 μέν
542 2579 680 2663 ε’πιτιμῖ
683 2584 770 2644 σθαι
807 2577 891 2655 τούς
929 2579 967 2644 δὲ
1002 2577 1201 2644 τύπτεσθαι
1245 2574 1363 2664 ἑχρῆν,

245 2682 317 2757 ἀλλ’
342 2683 460 2780 άρκεῖυ
485 2685 541 2778 ἐφ’
566 2693 741 2784 ἑκατέρων
765 2692 828 2761 τόν
841 2695 959 2778 λόγον.
990 2686 1042 2761 ot
1055 2691 1123 2783 γὰρ
1138 2691 1180 2778 δη
1192 2696 1364 2778 [βελτίους

282 2879 345 2934 103.
366 2885 446 2952 μετα
469 2886 649 2955 χρηματίσας,
669 2899 707 2955 p.,
729 2883 798 2956 μετ’
823 2884 1027 2956 ἀχρηματίας,
1048 2878 1080 2935 L·
1103 2877 1140 2936 U.
1161 2875 1196 2934 V·

284 2976 347 3031 104·
370 2978 427 3036 όίδε
466 2989 731 3048 συκοφαντοῦντες,
764 2976 808 3043 Β,
849 2986 1096 3054 συκοφαντοῦσιν,
1138 2976 1200 3033 rell.
1261 2982 1363 3038 ταῦτα

244 3070 343 3147 θῶμεν
374 3094 425 3150 pro
446 3077 566 3136 ’τίλλιι
596 3074 706 3148 θῶμεν,
734 3075 831 3135 Reisk.
861 3077 892 3133 in
926 3096 999 3144 anu,
1031 3076 1128 3133 malim
1160 3084 1199 3138 τὰ
1230 3078 1294 3131 ante
1315 3080 1363 3135 νῦν
1429 3071 1432 3075 ’

244 3173 375 3231 inserere.
436 3181 628 3252 λαμβανέτω,
648 3175 731 3244 Nab.,
755 3182 961 3252 λαμβάνεται,
980 3195 1018 3253 p„
1040 3181 1225 3250 λαμβάνετε,
1245 3173 1279 3230 R.

282 3274 346 3331 105·
368 3279 533 3351 ιίρμντο,Ρ.,
550 3275 759 3349 ι’ίρμηντο,ῐθῙῙ.
801 3272 991 3345 &aestualia
1003 3263 1186 3339 τύπτεσθαι,
1196 3271 1266 3349 pla
1277 3271 1314 3330 U·
1326 3271 1362 3329 V·

283 3447 346 3505 105.
370 3455 439 3518 τοὺς
472 3451 502 3508 δὲ
531 3453 704 3509 τύπτεσθαι
736 3446 827 3524 ἐχρῆν
874 3446 954 3503 Quid
984 3445 1078 3529 plinus
1099 3447 1290 3519 exspectamus
1309 3443 1363 3500 hoc

223 3542 313 3612 icco,
344 3562 427 3619 quam
459 3543 534 3601 illud
554 3541 757 3613 ἐπαινεῖσθαι,
778 3544 857 3622 quoe
875 3563 926 3620 pro
947 3544 1074 3607 ἕτσθαι
1095 3542 1190 3599 Reisk.
1210 3541 1364 3618 prcponit?

242 3640 378 3712 Peccavit,
398 3643 493 3720 inquit
511 3643 657 3713 LibaniuS,
680 3644 804 3721 Ulysses‚
825 3664 913 3722 quum
924 3662 1061 3720 pauperes
1074 3648 1182 3719 sceptro
1195 3641 1362 3710 verberaret,

241 3745 337 3798 contra
365 3741 439 3799 (lites
471 3763 502 3799 ac
522 3743 632 3800 nobiles
652 3743 745 3800 verbis
765 3743 859 3820 iisque
879 3742 995 3800 mitibus
1016 3743 1052 3800 de
1072 3742 1170 3799 officiis
1190 3741 1363 3800 admoneret.

241 3838 353 3898 Quodsi
371 3847 518 3918 peccatum
537 3843 755 3919 reprehensione
776 3843 895 3917 dignum
915 3843 978 3911 fuit,
1000 3862 1056 3899 non
1078 3843 1127 3898 hos
1138 3840 1286 3917 increpari,
1296 3840 1362 3898 illos

240 3940 373 4016 vapulare
410 3941 539 4014 (minime
570 3943 692 4019 laudari)
723 3943 857 4020 oportuit.
898 3943 991 4000 Multo
1028 3942 1130 4000 melius
1159 3940 1279 3998 Lobeck.
1311 3959 1362 4017 pro

242 4037 371 4103 ἕπεσθαι
402 4042 501 4100 scribit
531 4052 686 4113 παίεσθαι,
708 4062 793 4120 quem
813 4043 909 4101 Cobet.
932 4049 1044 4100 secutus
1064 4047 1115 4111 est,
1136 4041 1214 4098 edidi
1233 4046 1362 4098 tamena

242 4139 324 4198 codd·
347 4139 533 4205 τύπτεσθαι.

283 4245 313 4302 οὐ
335 4250 390 4318 γὰρ
412 4246 444 4313 δὴ
467 4248 607 4319 βελτίους
629 4256 700 4306 κτλ.
739 4243 774 4300 In
794 4263 845 4300 suo
865 4242 1019 4319 exemplari
1039 4241 1105 4298 Cob.
1127 4244 1270 4314 βελτίους
1294 4242 1362 4310 ἦσαν

247 4349 299 4414 τῆν
329 4346 415 4414 φύσιν
445 4343 569 4415 induxit,
601 4343 678 4420 quod
708 4363 742 4402 ec
761 4343 851 4418 magis
873 4348 947 4400 recte
967 4361 1031 4400 eum
1050 4341 1150 4398 fecisse
1166 4339 1274 4415 judice,
1296 4340 1364 4417 quia
