3159 5167
788 509 829 573 13

255 716 285 779 2.
317 707 406 781 Ούτε
431 713 498 805 γὰρ
523 709 565 801 ἧς
590 709 647 802 ἐφ’
671 716 821 785 ἑκάστου
845 723 903 781 καὶ
926 715 1034 800 λόγου
1058 722 1117 780 καὶ
1141 713 1249 804 ἔργον
1266 705 1365 798 αύτῷ

254 832 477 917 δικαιοσύνης
502 832 649 900 σύνοιδα
672 831 736 919 τὴν
761 833 834 901 τῶν
859 825 989 909 ἀδίκως
1010 823 1068 898 ἐπ’
1081 823 1189 898 αύτὸν
1202 848 1365 916 συνεστη-

251 948 367 1016 κότων
390 953 610 1035 βλασφημίαν
635 950 751 1027 καλῶς
775 942 845 1037 (ἀν)
867 952 957 1035 εἶχεν
970 948 1200 1039 ἰσχυροτέραν
1214 937 1365 1033 ἡγησασ·

252 1069 328 1143 θαι,
360 1066 492 1150 πολλῆς
527 1058 603 1132 τ’ἀν
628 1058 671 1150 ἦν
696 1072 830 1144 κακίας,
855 1056 887 1150 ᾦ
911 1066 1022 1152 συνῆν
1045 1089 1082 1133 τε
1106 1065 1283 1155 πρότερον
1307 1072 1365 1130 καὶ

232 1188 333 1270 Ιπερὶ
357 1181 429 1247 τῶν
454 1182 608 1267 ἐμαυτοῦ
633 1182 833 1268 σύμβουλον
858 1183 1065 1268 ἐποιούμην,
1089 1183 1217 1248 τοῦτον
1242 1177 1364 1264 ἐπειδὴ

232 1297 377 1381 πάσχει
403 1298 521 1375 κακῶς
545 1300 794 1382 ἐγκαταλιπεῖν.
843 1300 874 1364 3.
910 1288 1014 1365 Oica)
1039 1287 1201 1382 δ”έχοντα
1224 1295 1366 1380 γυιύμης

250 1419 384 1502 πρέποι
419 1414 480 1499 μέν
514 1404 560 1480 ’ἃν
597 1421 653 1480 καὶ
691 1414 935 1498 συνεύχεσθαιΙ
971 1413 1163 1502 Σωκράτει,
1199 1411 1365 1489 καὶτοὺς

253 1528 375 1609 θεούς,
413 1534 450 1595 οἳ
482 1531 645 1597 κάλλιστα
682 1530 745 1597 τὸν
781 1532 886 1598 τοῦδε
909 1536 987 1614 βίον
1011 1532 1223 1608 ἐπίστανται,
1247 1534 1361 1596 καλεῖν

250 1646 309 1711 ἐπὶ
331 1644 393 1713 τὸν
418 1646 579 1733 παρόντα
605 1640 737 1731 ἀγῶνα,
762 1654 818 1713 δεῖ
838 1640 960 1724 δ’ἴσως
977 1653 1034 1711 καὶ
1047 1645 1142 1729 λόγῳ
1155 1645 1363 1729 βοηθοῦντα

250 1770 450 1848 φαίνεσθαι,
486 1772 544 1832 καὶ
579 1766 687 1852 μηδὲν
726 1757 788 1850 ἀφ’
825 1755 877 1830 ὥν
914 1756 956 1831 ἀν
994 1763 1130 1848 δόξαιμι
1168 1760 1211 1829 τὰ
1248 1769 1364 1829 δίκαια

249 1893 363 1949 ποιεῖν
399 1887 603 1972 παρελθεῖν.
652 1885 685 1947 4.
712 1882 785 1947 Καὶ
822 1879 890 1971 γὰρ
929 1872 970 1947 ἂν
1004 1883 1055 1966 εἴη
1081 1877 1195 1946 δεινὸν
1220 1880 1278 1945 ἐπὶ
1301 1880 1362 1964 μέν
1417 1904 1422 1913 ·

252 2000 404 2084 Μελήτῳ
437 2007 591 2077 καὶτοῖς
616 1991 703 2089 παρ’
728 2001 863 2065 ἐκείνου
888 2004 1080 2088 λοιδορίαις
1099 1992 1254 2063 ’Ἄνυτον
1280 1988 1362 2063 ἀνα-

249 2115 352 2212 βῆναι
377 2116 482 2199 λόγον
507 2115 674 2201 κακοήθη
698 2140 734 2182 τε
758 2123 816 2181 καὶ
828 2114 964 2205 μακρὰν
977 2116 1173 2201 κομίζοντα,
1185 2124 1243 2184 καῖ
1257 2117 1362 2181 πάλιν

248 2232 306 2296 ἐπὶ
337 2231 455 2315 τούτῳ
487 2231 642 2297 Λύκωνα
665 2230 833 2317 μηδεμιᾶς
858 2224 1081 2315 ἀποσχέσθαι
1105 2238 1237 2317 τέχνης,
1261 2222 1363 2308 ὅπως

247 2346 295 2425 εἷς
331 2338 431 2432 ὑμῶν
466 2340 650 2435 ἀποθάνῃ,
683 2336 774 2433 ἡμᾶς
812 2348 860 2427 δέ,
897 2339 961 2425 οὓς
992 2353 1113 2415 λυπεῖν
1138 2338 1362 2434 ὠμολόγιγκεν

242 2456 394 2541 ’Ἄνυτος
430 2474 502 2541 τοῖς
538 2460 626 2529 κατὰ
666 2463 882 2553 Σωκράτους
905 2464 1033 2548 λόγοις,
1059 2457 1238 2551 ἀφώνους,
1268 2468 1278 2553 1
1309 2454 1361 2542 cic
1380 2477 1447 2535 Bak.
1479 2485 1505 2537 ῖ.

249 2573 316 2647 ούκ
341 2574 568 2666 ἀνιωμένους,
593 2580 732 2648 έστάναι
757 2589 816 2647 καὶ
839 2587 1004 2665 γενέσθαι
1028 2589 1188 2672 χείρονας
1211 2583 1359 2668 τῆςταῖν

246 2699 455 2789 κατηγόρων
492 2700 643 2777 ἐλπίδος,
681 2691 793 2775 ἀλλως
829 2722 865 2764 τε
902 2706 959 2765 καὶ
996 2699 1027 2765 εἰ
1049 2700 1085 2765 ἐν
1108 2699 1161 2782 τῴ
1184 2697 1227 2764 τὰ
1251 2722 1359 2789 προς·

246 2816 379 2883 ν’κοντα
414 2815 459 2901 τῇ
494 2820 592 2903 φιλίᾳ
629 2815 790 2904 πληροῦν
828 2822 885 2881 καὶ
923 2814 1006 2894 τούς
1047 2816 1247 2893 δικαζοντας
1271 2804 1361 2901 ὑμᾶς

246 2930 424 3013 ἐξελέσθαι
461 2930 522 3015 τῆς
560 2932 741 3017 ἐπιορκίας
778 2930 919 2996 ἔνεστιν.
969 2933 999 2997 5.
1033 2920 1080 2998 Ὅ
1109 2930 1176 3020 γὰρ
1201 2930 1264 3016 τὴν
1288 2932 1360 2997 τῶν

245 3048 512 3138 ἐπηρεαζόντων
539 3039 678 3131 ἀπύτην
703 3038 769 3113 ούκ
795 3046 863 3112 ἐῶν
877 3047 1025 3131 ἰσχύσαι,
1039 3048 1197 3133 φύλακας
1210 3041 1360 3138 ἀκριβεῖς

246 3175 343 3230 ποιεῖ
380 3162 464 3241 τούς
507 3161 768 3249 ψηφιζομένους
811 3161 883 3227 τῶν
929 3150 1059 3251 ὅρκων,
1105 3153 1189 3228 ὥστ’
1226 3155 1270 3229 ού
1308 3164 1361 3248 τῷ

285 3370 311 3423 2.
333 3370 376 3433 ἀν,
387 3362 620 3421 inseruitGasda.
652 3368 883 3437 ἐγκαταλιπεῖν,
895 3361 1009 3437 p.U.V.‚
1039 3368 1286 3436 ἐγκαταλείπειν,
1298 3366 1359 3422 rell.

285 3471 311 3523 3.
334 3474 435 3541 πρέπει
468 3477 520 3537 μὲν
552 3470 611 3530 καί,
641 3481 692 3537 Ρ.’
728 3468 844 3530 καλεῖν,
866 3460 965 3529 (ἐοᾶἂ,
993 3472 1181 3532 παρακαλεῖν
1208 3463 1304 3521 malim
1323 3464 1358 3524 cf.

244 3564 346 3622 Aesch.
367 3564 402 3620 dc
421 3562 440 3620 f.
459 3562 480 3619 l.
501 3563 512 3636 ξ
534 3563 598 3629 180,
619 3558 701 3616 Dcm.
721 3578 771 3634 pro
792 3576 894 3615 corona
912 3559 924 3631 i
946 3560 971 3614 8.

282 3672 308 3725 4.
329 3672 429 3742 μικρῦν
461 3669 630 3741 κομίζιντα,
661 3660 698 3719 U.
729 3659 764 3717 V·
824 3666 989 3731 ἀλλαςιτε
1020 3659 1061 3731 ἕν,
1092 3660 1231 3718 codd.1n
1250 3667 1359 3719 textum

244 3764 355 3823 Gaadae
375 3767 565 3840 conjecturam
584 3760 687 3837 recepi.

283 3870 310 3925 5.
332 3869 462 3940 ἀνάγκην
485 3865 534 3925 οὐκ
556 3860 620 3930 ἐῶν,
639 3880 675 3945 ΥΡ.

281 4038 307 4091 4.
339 4038 442 4103 ἄλλως
475 4058 507 4093 τε
541 4040 589 4091 καὶ
619 4036 653 4092 εἰ,
686 4030 796 4087 Gasdae
823 4028 1022 4105 suspicionem,
1049 4051 1105 4107 qua
1123 4037 1216 4090 textus
1235 4034 1357 4090 intactus

242 4153 329 4212 paene
358 4138 461 4202 manet,
498 4132 622 4209 recipere
652 4151 709 4189 non
739 4130 875 4201 dubitavi,
912 4136 1009 4189 eontra
1035 4132 1159 4194 Jacobsii
1189 4135 1355 4206 emendatio,

243 4242 347 4298 ἄλλοι·
379 4236 425 4297 τε
444 4238 479 4303 ελ,
508 4234 579 4291 mihi
598 4232 731 4310 displicet
749 4233 948 4303 consideranti,
969 4252 1052 4309 quam
1072 4233 1154 4291 facile
1174 4245 1225 4297 καί
1245 4236 1356 4298 excidat

243 4339 272 4391 ct
291 4355 375 4415 quam
394 4354 497 4413 paucos
516 4334 593 4393 locos
612 4332 758 4393 Jacobsius
777 4334 882 4406 afferat,
902 4338 935 4390 ut
952 4332 1104 4395 lectionem
1124 4332 1254 4397 stabiliat.
