3159 5167
710 474 754 540 60

176 677 305 770 ἔννομα
342 689 524 775 δέδρακας.
567 676 690 764 Οὕτως
728 677 748 752 ὁ
776 684 1011 771 Θεμιστοκλῆς
1035 685 1165 764 ἐκεῖνος
1190 689 1289 752 δυοῖν

28 785 154 848 33733·
175 791 351 892 ἆπάῂαιν
387 803 433 889 τῇ
467 804 530 888 μέν
567 805 707 888 ἐτείχισε
731 801 798 889 τὴν
820 802 937 880 πόλιν,
961 802 1006 888 τῇ
1032 793 1067 868 δ’
1092 800 1203 867 ἔσωσε
1225 798 1289 885 την

171 904 336 985 Ἐλλάδα.
376 923 452 986 117.
494 927 564 988 Καὶ
598 920 667 1008 μην
703 929 762 988 καὶ
784 919 871 998 τοῖς
895 918 1041 1010 ἰατροιῗς
1061 908 1203 1009 ὁρῶμεν
1227 916 1289 997 τὰς

170 1035 243 1098 τῶν
267 1035 473 1120 καμνόντων
498 1039 691 1123 ἐπιθυμίας
715 1029 869 1116 άπάταις
895 1029 1164 1120 άναβάλλοντας.
1191 1026 1288 1119 Ἤδη

172 1155 213 1216 δέ
245 1173 319 1218 που
355 1160 412 1219 καὶ
445 1151 539 1234 πρὸς
563 1143 785 1238 ὑγιαίνοντας
811 1153 920 1219 τοῦτο
944 1152 1130 1237 ποιοῖμεν,
1156 1143 1240 1218 ὅταν
1267 1175 1287 1237 η

171 1279 328 1357 κρεῖττον
340 1269 407 1335 τοῦ
419 1263 573 1355 τάληθές
587 1261 737 1336 άκαῦσαι
748 1268 790 1336 τὸ
804 1269 1142 1360 παρακρουσθῆναι.
1172 1275 1216 1334 Τι’
1223 1259 1288 1335 οὖν

171 1375 282 1469 ἠδίκει
320 1386 514 1474 Σωκράτης
546 1376 569 1470 ἢ
599 1391 789 1463 Μέλανθος
814 1375 865 1462 οἷς
889 1388 1024 1470 ἐνίκησε
1049 1390 1172 1469 λέγων·
1198 1384 1289 1450 ἔστω

171 1502 240 1590 γάρ
275 1525 308 1566 τι
339 1510 396 1568 καὶ
432 1503 567 1588 ψεῦδος
591 1505 628 1571 έν
651 1504 789 1589 μάχαις,
816 1509 949 1587 δέχεται
973 1501 1042 1593 γὰρ
1071 1492 1093 1569 ὁ
1118 1501 1289 1592 περὶτῆς

175 1619 294 1704 ψυχῆς
319 1611 416 1704 ripole
438 1619 481 1687 τὸ
505 1627 646 1707 κλέμμα·
670 1612 694 1707 ἢ
717 1619 780 1688 τὸν
804 1613 970 1688 Ὀδυσσέα
993 1623 1143 1706 φάσκων
1167 1622 1225 1686 έπὶ
1244 1620 1289 1707 τῇ

173 1737 240 1802 τοῦ
266 1743 467 1804 Παλλαδίου
489 1739 682 1824 τιμηθῆναι
706 1738 834 1824 κλοπῇ.
882 1736 932 1804 Τὰ
956 1736 1026 1827 γάρ
1049 1737 1123 1805 τῶν
1153 1737 1288 1827 Ίριάων

172 1853 315 1920 ἔκλεπτε
338 1854 411 1920 τῶν
434 1852 479 1920 τὰ
490 1855 682 1939 τιμιωτατα
695 1855 768 1945 τῶν
781 1855 849 1920 τοῦ
866 1855 1051 1921 Μενελάου
1063 1854 1288 1939 κεκλαφάτων

172 1970 362 2058 πρότερον.
407 1969 481 2032 118.
521 1961 616 2036 Ἀλλ’
651 1973 771 2037 οἴεσθε
812 1971 1019 2060 Σωκράτην,
1052 1969 1083 2037 εἰ
1104 1968 1193 2036 κατὰ
1214 1971 1288 2037 ,τῶν

172 2086 328 2153 πολιτῶν
364 2092 421 2151 καὶ
458 2091 572 2171 φίλων
608 2089 799 2177 παρεκάλει
822 2086 909 2166 τούς
933 2094 1048 2166 νέους,
1072 2086 1219 2176 ἐχθρῶν
1244 2077 1287 2153 ἃν

172 2202 220 2281 εἰς
244 2199 401 2292 ἐχθρούς
424 2202 511 2291 ἔργα
534 2216 759 2292 παρενεγκεῖν
781 2203 881 2289 νόμῳ
895 2209 1053 2289 πολέμου
1066 2203 1287 2294 συνερρωγό-

172 2344 256 2398 των,
293 2308 344 2397 ὥς
376 2310 445 2402 οὐχ
469 2309 617 2404 ἥξοντος
642 2318 741 2404 αὐτῷ
766 2319 867 2411 παρὰ
890 2322 964 2387 τῶν
991 2313 1209 2400 ἀκουόντων,
1234 2309 1288 2386 ὅτι

172 2438 234 2522 τῆς
269 2434 468 2521 συμβουλῆς
504 2427 633 2524 άπᾴδει
669 2435 713 2502 τὰ
749 2444 1033 2527 παραδείγματα;
1069 2429 1162 2504 Ἀλλ’
1193 2439 1288 2522 οἶμαι

210 2639 275 2699 117.
296 2644 466 2705 Μέλανθον,
486 2655 524 2712 p„
544 2645 716 2710 Μέλανθος,
738 2638 772 2695 R.
832 2634 1287 2714 πρίτεμιν,001).,ντρικατέρνι,

171 2735 254 2792 codd.

210 2838 275 2893 118.
296 2837 426 2912 ἥξοντος,
456 2834 552 2893 Reisk.
573 2834 604 2892 in
623 2854 698 2904 ann,
721 2836 864 2909 εἴξαντος,
885 2833 986 2928 codd.=

209 3030 273 3090 117.
296 3035 457 3098 Μέλινθις
470 3035 504 3098 ὥς
516 3025 629 3097 ἐνίκησε
643 3036 748 3104 λέγων.
760 3026 868 3084 Graeca
878 3027 969 3096 verba,
978 3026 1216 3104 quemadmodum
1227 3026 1286 3084 sive

170 3125 320 3184 aReiskio
339 3123 415 3181 edita
434 3124 492 3181 sive
512 3145 528 3181 a
546 3124 675 3182 Jacobsio
695 3124 843 3182 emendata
861 3131 936 3195 sunt,
950 3125 1032 3183 valde
1041 3124 1113 3182 inihi
1121 3125 1280 3202 displicent,

169 3247 258 3306 quum
277 3227 361 3301 hujus
391 3225 549 3284 emendatio
568 3226 703 3301 languida
722 3245 782 3282 esse
802 3226 940 3296 videatur,
958 3226 1037 3284 illius
1055 3232 1165 3284 textum
1183 3246 1219 3284 ne
1237 3227 1279 3284 in·

149 3328 294 3412 'telligam
324 3325 447 3402 quidem.
486 3324 563 3384 Quia
592 3332 685 3384 autem
714 3346 742 3403 p.
774 3323 937 3390 Μέλανθον
967 3326 1089 3396 exhibet,
1119 3326 1222 3383 vitium
1250 3325 1282 3383 in

170 3435 279 3494 ἐνίκησε
308 3425 396 3481 lutere
428 3429 506 3500 puto,
538 3422 746 3502 legendumque
776 3443 904 3499 propono
935 3427 1058 3499 ἐτίμησε
1087 3423 1134 3480 vel
1153 3426 1283 3501 ἒπῇιεσε.

168 3528 236 3584 Non
263 3530 361 3602 peccat
389 3524 523 3593 Socrates,
552 3524 647 3601 inquit
675 3523 820 3594 Libanius,
847 3523 960 3601 quando
989 3523 1025 3581 de
1047 3524 1189 3582 Melantho
1209 3543 1286 3581 men·

123 3685 126 3692 ,
168 3627 275 3683 tionem
303 3623 408 3680 faciens
438 3642 558 3700 eumque
587 3622 715 3692 laudans,
745 3623 823 3700 quod
854 3623 997 3680 Xanthum
1018 3622 1083 3679 dolo
1102 3623 1180 3693 vicit,
1200 3623 1283 3683 dicit:

170 3723 208 3780 sit
225 3721 403 3780 mendacium
422 3721 453 3778 in
470 3741 567 3798 pugna
584 3723 705 3792 licitum,
726 3741 790 3779 nam
811 3741 899 3799 quum
918 3722 950 3779 in
964 3721 1092 3780 acievita
1101 3723 1283 3799 periclitatur,

169 3820 300 3879 omnibus
319 3820 447 3879 fraudem
466 3821 640 3878 committere
659 3821 802 3896 largimur.

209 3926 272 3981 118.
294 3925 434 3999 ε’ίξονςις.
466 3921 542 3979 Usus
573 3922 652 3980 illius
671 3923 791 3997 genitivi
810 3923 953 3999 participii
972 3929 1037 3999 post
1057 3930 1091 3996 ὥς
1111 3923 1171 3980 sive
1191 3930 1283 4001 ὥσπερ

170 4026 301 4084 omnibus
320 4025 387 4082 setis
407 4030 490 4082 notus
510 4030 561 4094 est,
582 4043 633 4081 nec
653 4030 746 4100 potest
765 4025 801 4082 de
821 4024 1025 4100 significatione
1035 4025 1120 4099 hujus
1131 4025 1286 4083 sententiae

169 4124 302 4182 dubitari.
340 4124 475 4194 Socrates,
496 4123 591 4201 inquit
609 4124 754 4195 Libanius,
775 4145 831 4184 non
851 4132 909 4182 tam
928 4126 1032 4183 stultus
1050 4125 1113 4194 fuit,
1141 4130 1175 4182 ut
1192 4143 1285 4182 eoram

169 4222 326 4301 discipulis,
356 4242 426 4300 quos
460 4227 557 4280 contra
575 4221 650 4280 cives
670 4227 699 4280 et
717 4223 822 4281 amicos
841 4223 984 4293 incitabat,
1004 4222 1185 4280 inimicorum
1204 4222 1284 4280 dolos

168 4323 303 4392 laudaret,
332 4321 419 4400 probe
449 4321 526 4380 enim
554 4321 741 4398 intelligebat,
773 4322 916 4381 auditores
946 4323 1002 4380 sibi
1020 4323 1187 4399 objecturos,
1207 4322 1285 4403 quod
