3159 5167
737 470 779 537 92

201 706 257 761 τες
292 680 420 769 ζητῶσι
455 680 517 750 τὸν
541 682 668 769 τύφου,
704 672 788 749 ὅταν
818 680 936 771 ἕτερος
959 677 1053 769 πρός
1077 680 1197 771 ἕτερον
1221 683 1315 769 λέγη,

203 798 338 879 δεικνύς
364 792 433 887 ἀμα
457 798 518 868 τὸν
542 800 668 879 τόπον,
693 799 852 867 ἐνταῦθα
875 806 958 887 περὶ
974 791 1146 888 ἀνδρείας,
1160 798 1317 866 ἐνταῦθα

203 924 285 1007 περὶ
310 918 548 1007 σωφροσύνης
572 916 768 1002 ἐποιήσατό
789 938 877 982 ποτε
900 916 1039 999 λόγους,
1061 916 1220 983 ἐνταῦθα
1232 924 1315 1007 περὶ

203 1040 352 1113 δικαίου,
395 1034 573 1123 Πρόδικον
611 1033 768 1100 ἐνταῦθα
794 1038 905 1117 λέγων
939 1035 1045 1112 ἐνίκα,
1073 1034 1337 1124 Πρωταγόραν·

203 1151 280 1229 ἐκεῖ,
316 1148 377 1215 τὸν
394 1174 396 1183 ’
414 1142 551 1217 Ἠλεῖον
583 1144 724 1231 ἀλλοθι,
751 1147 814 1217 τὸν
839 1156 1025 1217 Λεοντῖνον
1050 1149 1214 1240 ἑτέρωθι.
1241 1152 1319 1216 194.

209 1274 265 1344 Τίς
290 1268 375 1332 οἴσει
408 1264 471 1351 τήν
495 1266 633 1353 μνήμην
659 1260 830 1357 ἀδακρυτὶ
851 1242 927 1334 τῶν
952 1273 1137 1356 τροπαίων
1162 1266 1319 1343 τούτων;

206 1382 290 1460 Πῶς
326 1374 499 1468 ἀλλήλους
531 1375 704 1469 ὀψόμεθα
739 1381 825 1470 μετὰ
856 1383 899 1449 τὸ
929 1384 1098 1461 καίνειον;
1135 1374 1321 1462 Πολλά,ὦ

201 1490 401 1583 Ἀθηναῖοι,
438 1498 551 1566 πολλὰ
588 1500 750 1588 παρόντα
786 1500 848 1585 μὲν
887 1506 1158 1591 δυσχεραίνεται,
1183 1521 1319 1565 πεπαυ·

203 1620 287 1700 μένα
304 1615 343 1681 δι’
367 1621 544 1683 ποθεῖται,
573 1615 634 1703 Μή
661 1614 704 1683 δή
729 1617 902 1703 ποιήσητε
926 1615 1011 1695 τούς
1036 1619 1072 1684 ἐν
1096 1627 1170 1693 ταῖς
1194 1612 1319 1682 παλαί·

204 1751 322 1820 στραις
347 1732 473 1815 λόγους
497 1722 591 1823 ύπέρ
616 1734 807 1823 χρημάτων
831 1746 904 1813 τοῖς
923 1735 1106 1804 συνιοῦσιν
1120 1737 1219 1813 εἶναι,
1232 1725 1319 1820 μηδ’

205 1851 426 1931 ἐπικίνδυνον
461 1841 668 1935 ἀποφήνητε
703 1850 766 1934 τής
798 1857 925 1937 σοφίας
963 1849 1028 1936 τήν
1063 1853 1184 1939 κτῆσιν
1218 1853 1253 1917 ἐν
1277 1850 1321 1938 τῇ

204 1964 296 2051 λήξει
332 1965 394 2051 της
429 1957 600 2051 Ἀθηνᾶς,
637 1960 723 2051 μηδ’
728 1959 932 2054 ἀναμείνητε
969 1975 1087 2055 θέαμα
1126 1968 1240 2037 δεινόν
1264 1976 1322 2035 καὶ

203 2080 266 2167 τής
290 2082 429 2160 πόλεως
454 2075 649 2174 ἀλλότριον,
675 2085 912 2173 ἐκφερόμενον
936 2088 998 2171 μὲν
1024 2078 1177 2154 ἀπὸτοῦ
1191 2094 1321 2171 δεσμω-

204 2204 330 2287 τηρίου
369 2198 576 2288 Σωκράτην,
602 2199 732 2289 ἔρημον
758 2201 798 2267 δὲ
820 2199 862 2267 τὸ
890 2194 977 2268 ἄστυ
1002 2202 1065 2289 τής
1089 2205 1223 2270 ἐκείνου
1247 2226 1323 2289 φω-

205 2312 279 2396 vste,
316 2303 438 2404 ὥσπερ
463 2312 557 2392 τινός
582 2307 745 2400 ἀηδόνος,
768 2314 854 2394 τούς
879 2316 917 2383 δὲ
941 2316 1101 2408 ἑταίρους
1127 2319 1163 2383 ἐν
1187 2318 1248 2403 μὲν
1270 2317 1325 2402 τῷ

207 2427 360 2494 θόπτειν
384 2428 477 2519 ,σιγῇ
502 2436 773 2519 καταρωμένους
799 2420 892 2517 ύμῖν,
919 2432 1039 2498 ἔπειτα
1064 2434 1103 2499 δι’
1127 2433 1326 2526 φεύγοντας

208 2537 311 2611 ἀλλον
353 2538 493 2625 ἄλλοσε,
516 2544 602 2624 τούς
626 2547 687 2632 μὲν
713 2547 760 2626 εἴς
789 2555 949 2639 Μέγαρα,
973 2546 1059 2627 τούς
1085 2541 1170 2627 δἐἴς
1196 2550 1325 2640 Κόριν-

209 2667 292 2741 θον,
316 2660 400 2740 τούς
425 2670 449 2729 δ
453 2654 513 2740 ἐἰς
534 2654 648 2744 Ἦλιν,
673 2661 759 2742 τούς
784 2657 871 2743 δἐἴς
887 2658 1054 2749 Εὔβοιαν,
1067 2672 1327 2757 μεταφέροντας

209 2778 357 2869 ἑτέρωσε
381 2777 509 2864 τὸτῆς
533 2771 694 2865 Ἀττικῆς
721 2773 848 2860 ἀνθος,
874 2774 1028 2873 παρόύς
1053 2786 1138 2850 ἴοιεν
1151 2788 1327 2867 λέγοντας·

211 2901 356 2979 δέχεσθε
379 2893 463 2973 τούς
497 2888 722 2982 Ἀθήνηθεν,
748 2889 780 2963 ὦ
806 2891 943 2987 ἄνδρες,
968 2900 1142 2984 φυγάδας,
1168 2891 1213 2966 ού
1237 2923 1327 2990 προ-

211 3013 336 3091 δόντας
362 3005 445 3080 οὐδ’
472 3007 731 3105 ἀστρατεύτους
757 3008 844 3083 oete*
866 3014 930 3102 τήν
956 3007 1055 3107 ὥραν
1081 3009 1328 3103 ἀποδομένους

215 3123 298 3197 οὐδ’
322 3121 374 3198 ὦν
401 3133 436 3197 ὲν
460 3143 532 3210 τοῖς
555 3131 676 3219 νόμοις
701 3136 735 3200 αἴ
760 3140 923 3224 τιμωρίαι
942 3134 1196 3220 τετολμηκότας
1209 3127 1326 3214 οὐδὲν,

218 3240 289 3315 ἀλλ’
331 3250 605 3335 ἐγκαλουμένους
641 3250 758 3336 ἴρωτα
794 3250 911 3335 λόγων
946 3258 1004 3317 καὶ
1038 3258 1211 3329 παιδείας.
1251 3253 1328 3317 195.

221 3362 336 3429 Ταῦτα
368 3368 512 3429 πέπεικε
546 3362 694 3442 Λύκων,
717 3356 818 3431 ταῦτ’
842 3366 1048 3450 εἰσηγήσατο
1077 3371 1246 3449 Μέλητος,
1271 3369 1329 3434 ε’πὶ

67 3504 134 3563 Rsk,
148 3505 193 3560 64,
214 3480 354 3556 τούτοις
380 3472 533 3561 νΑνυτος
577 3482 730 3548 ἐδίωκεν.
770 3477 940 3568 Εἴδοῖμεν
982 3483 1176 3572 Σωκράτην
1213 3484 1328 3572 κρινό-

215 3621 331 3682 μενον,
368 3598 501 3681 εἴδομεν
538 3603 834 3683 κατεγνωσμένον,
859 3601 994 3684 εἴδομεν
1021 3605 1214 3684 δεδεμένον,
1239 3602 1327 3667 εἴδο·

215 3737 277 3799 μεν
315 3706 605 3798 ἀποθνήσκοντα.
651 3713 768 3780 Ταῦτα
805 3714 993 3803 παρῄνεσε
1022 3714 1177 3801 φεύγειν,
1219 3716 1330 3782 ταῦτα

216 3829 359 3915 ζητήσαι
396 3829 615 3915 καταφυγήν.
657 3821 799 3896 Ούκοῦν
829 3837 887 3895 καὶ
910 3822 1067 3915 ἀσμένως
1093 3820 1249 3911 δέξονται
1273 3838 1331 3898 καὶ

257 3966 321 4022 194.
341 3968 552 4041 δυσχεραίνετε
573 3969 600 4021 et
620 3961 757 4034 ποθεῖτε,
777 3983 805 4040 P·
825 3963 858 4022 L.
877 3962 914 4023 U.
933 3964 968 4022 V·
1251 4051 1253 4054 Ι

257 4058 320 4114 195.
341 4054 433 4113 Verba
452 4055 520 4113 inde
540 4055 574 4112 ab
595 4062 707 4133 εἴδομεν
728 4074 819 4133 usque
830 4055 866 4113 ad
877 4060 1028 4133 δεδεμένοι
1040 4057 1113 4144 ἱιιιΙι.
1125 4057 1330 4116 desiderantur.

216 4192 357 4269 putatisne
373 4192 458 4249 talem
485 4191 634 4260 civitatem,
664 4191 776 4269 quando
807 4210 872 4249 suos
901 4191 1021 4269 optimos
1049 4193 1124 4250 cives
1150 4198 1210 4251 tam
1237 4208 1333 4270 aspere

217 4293 349 4363 tractarit,
370 4311 458 4369 aequo
479 4292 572 4351 animo
592 4292 623 4350 in
642 4292 766 4369 reliquos
790 4292 869 4350 fore?
