3159 5167
803 484 821 551 7

249 695 344 762 donis·
372 702 405 762 et
428 697 564 782 pecunia
589 699 629 763 ad
653 718 686 761 se
709 696 844 762 allicere.
863 697 984 762 frustra
1008 696 1117 763 conati
1141 702 1217 763 sunt
1244 692 1280 783 1),
1305 716 1366 761 nn-

248 814 286 877 de
321 813 474 890 videmus,
500 837 573 880 eum
597 814 819 897 tyrrannidem
843 814 1005 891 detestari,
1030 814 1134 879 multo
1158 815 1243 879 enim
1267 813 1369 914 male-

248 928 305 993 bat
328 929 362 994 in
387 930 544 1015 angustiis
569 928 706 995 Athenis
721 930 838 1009 vivere,
856 953 952 1014 qnam
964 931 999 994 in
1012 931 1141 1015 tyranni
1154 931 1228 995 aula
1238 929 1367 994 luxuria

247 1046 324 1123 frui,
371 1047 483 1111 Talem
514 1045 620 1112 virum
653 1046 818 1111 absolvere
854 1046 987 1125 debetis,
1024 1046 1102 1111 licet
1139 1047 1261 1111 civibus
1301 1046 1367 1113 suis

247 1160 400 1226 molestus
437 1163 489 1227 sit.
537 1161 622 1227 Nam
661 1162 689 1226 si
726 1162 841 1246 eapitis
881 1163 1122 1240 damnaveritis,
1165 1162 1259 1230 amici
1298 1164 1367 1245 ejus

245 1297 302 1340 vos
337 1278 592 1357 detestabuntur,
626 1281 658 1342 et
690 1278 772 1342 alius
809 1255 883 1347 alio·
909 1277 1031 1362 fugiet3
1057 1275 1222 1341 Socratem
1247 1277 1367 1361 ubique

246 1392 311 1457 suis
343 1392 448 1484 verbis
484 1394 663 1479 defendent,
688 1394 802 1458 urbem
826 1399 971 1458 nostram
996 1394 1191 1458 contumelia
1215 1393 1364 1458 afficient.

245 1507 356 1575 Nolite
392 1532 508 1595 quaeso
544 1512 651 1576 odium
683 1512 717 1576 in
741 1510 951 1595 vosmetipsos
976 1512 1126 1588 excitare,
1152 1531 1255 1594 neque
1278 1531 1365 1574 com·

245 1627 352 1711 plures
376 1629 461 1694 viros
485 1628 609 1693 civitati
635 1630 782 1694 inimicos
807 1631 938 1713 reddere
954 1628 992 1715 2).
1042 1630 1108 1695 Ubi
1132 1632 1206 1693 sunt
1230 1627 1361 1693 Leontis

244 1741 349 1821 liberi,
387 1766 523 1827 quorum
559 1745 594 1809 in
628 1749 753 1828 patrem
790 1744 937 1811 Socrates
973 1745 1088 1810 missus
1120 1720 1250 1809 domum
1274 1764 1364 1807 suam

245 1858 339 1922 rediit
362 1855 399 1943 3).
449 1858 613 1951 Thrasylli
639 1864 670 1924 et
693 1858 829 1925 Periclis
854 1861 1051 1945 propinquos
1076 1860 1139 1923 huc
1163 1881 1252 1937 voco,
1284 1880 1364 1943 quos

244 1974 445 2040 indemnatos
469 1975 526 2040 ille
549 1976 731 2041 interficere
755 1977 859 2042 noluit
882 1975 921 2061 4).
970 1975 1020 2039 Tu
1045 1996 1182 2059 quoque,
1207 1973 1362 2053 Phaedre,

244 2089 340 2155 falsas
363 2091 438 2155 illas
462 2088 563 2175 Anyti
588 2092 829 2164 criminationes
850 2094 1016 2178 redargue.

258 2248 261 2253 ·
291 2205 458 2291 Oonjieere
489 2208 566 2273 licet
599 2209 714 2288 exiis,
739 2231 821 2294 quae
846 2232 943 2293 snpra
967 2232 986 2273 a
1009 2230 1060 2273 me
1084 2208 1253 2274 observata
1276 2210 1361 2286 sunt,

244 2324 403 2407 quomodo
438 2322 593 2415 Libanius
632 2326 761 2411 singula
793 2347 937 2411 quaeque
968 2329 1160 2410 argumenta
1183 2347 1202 2389 a
1225 2324 1363 2388 Platone

244 2442 277 2502 et
300 2437 513 2523 Xenophonte
537 2444 702 2505 mutuatus
727 2442 779 2505 sit.
814 2440 1005 2506 Memoravit
1030 2440 1198 2524 praecipua
1222 2460 1261 2504 ex
1284 2438 1362 2516 illis,

244 2576 326 2639 quae
356 2554 392 2618 in
432 2555 582 2638 operibus
623 2556 792 2639 utriusque
831 2556 1051 2633 inveniuntur,
1091 2559 1124 2620 et
1159 2577 1198 2619 ex
1225 2554 1362 2619 historia

243 2668 438 2735 Graecorum
481 2672 637 2737 nonnulla
673 2673 820 2757 exempla
854 2673 986 2751 addidit,
1023 2675 1060 2736 ut
1096 2671 1361 2736 declamationem

243 2808 333 2851 snam
370 2791 548 2852 exornaret.
598 2788 676 2852 Tria
708 2788 765 2853 illa
797 2790 964 2856 notissima
989 2789 1134 2863 crimina,
1171 2786 1295 2853 Socrati
1319 2786 1360 2851 ab

121 2892 134 2903 “
242 2901 363 2984 Anyt0,
396 2902 525 2980 Melete,
561 2902 688 2986 Lycone
724 2904 860 2988 objecta,
885 2904 1077 2991 redarguens
1104 2902 1249 2967 Platonis
1283 2923 1360 2984 apo-

241 3017 362 3104 logiam
401 3012 445 3084 et⁴
463 3018 687 3104 Xenophontis
720 3020 943 3105 Memorabilia
974 3022 1014 3085 ad
1036 3021 1209 3107 vestigium
1233 3023 1360 3083 secutus

242 3136 299 3212 est,
337 3134 392 3199 sed
423 3139 587 3219 praeterea
628 3158 644 3200 e
676 3134 799 3221 Gorgia
830 3137 934 3201 multa
970 3136 1088 3213 hausit,
1120 3137 1155 3199 in
1179 3158 1243 3221 qua
1263 3134 1357 3199 Plato

241 3246 403 3314 Socratem
439 3273 511 3315 cum
551 3250 685 3317 Callicle
723 3252 941 3336 disputantem
985 3252 1117 3317 inducit.
1183 3250 1358 3336 Opiniones

240 3362 392 3447 callidis,
414 3367 465 3431 cni
489 3367 621 3451 plurimi
646 3371 724 3433 tune
748 3369 902 3453 temporis
925 3367 1013 3433 haud
1026 3369 1123 3435 dubie
1135 3367 1357 3433 assentieban-

239 3486 303 3561 tur,
329 3484 457 3568 copiose
481 3484 644 3551 aSocrate
656 3487 814 3551 refutatas
827 3488 938 3551 eodem
950 3508 1081 3570 prorsus
1093 3487 1188 3562 modo
1200 3484 1356 3549 Libanius

239 3598 368 3680 refellit,
401 3601 614 3687 similiterque
638 3602 753 3679 multa,
777 3603 907 3687 quando
928 3602 1043 3687 judicii
1067 3602 1223 3685 depactis
1235 3621 1357 3665 memo-

237 3714 319 3781 riam
342 3712 433 3798 lacit,
470 3740 509 3783 ex
530 3718 622 3783 libris
645 3719 684 3783 de
707 3709 886 3803 Republica
911 3721 1092 3799 mutuatur.=
1136 3716 1230 3792 onoc
1254 3716 1355 3801 igitur

274 4008 296 4082 ¹)
315 4004 399 4081 Diog.
419 4004 509 4063 Laert.
530 4004 570 4063 II.
591 4007 636 4061 25.
656 4002 740 4061 Dion.
762 4004 905 4081 chrysost.
927 4004 976 4064 Or.
997 4004 1082 4064 XIII.

273 4108 295 4181 ’)
316 4105 385 4165 Plat.
406 4106 490 4183 Apol.
513 4106 558 4163 39.
580 4103 611 4161 0.
633 4104 669 4162 D.

130 4214 132 4221 “
209 4202 211 4205 ’
274 4198 298 4281 ⁸)
317 4204 387 4262 Plat.
407 4205 491 4281 Apol.
512 4208 557 4263 32.
579 4202 611 4263 Ο.

238 4312 239 4315 ’
275 4303 300 4378 ⁴)
319 4304 391 4363 Xen.
411 4303 498 4362 Mem.
519 4302 543 4362 Ι.
567 4308 592 4361 I.
615 4304 662 4366 18.
681 4303 751 4361 Plat.
773 4302 856 4379 Apol.
878 4304 924 4359 32.
944 4302 978 4359 B.
