3159 5167
223 706 308 787 τούς
342 712 480 787 λίθους,
526 716 585 775 καὶ
618 705 684 793 την
719 706 783 793 τῆς
817 706 950 798 μητρίς
986 700 1056 776 orire
1093 698 1340 798 άιιεκριῖκιειο

222 829 357 908 τέχνην,
382 812 414 906 qi
439 822 545 905 δῆλον
569 812 620 901 ὥς
644 813 711 889 οὐκ
735 814 792 908 ἐφ’
816 813 916 958 ὕβρει
938 823 1086 905 vneror
1099 817 1214 891 ἄλλων
1231 829 1339 914 ιιιιρέ·

223 962 341 1028 φερεν,
366 931 439 1005 άλλ
465 929 565 1017 ὅπως
589 941 622 1005 oi
647 939 807 1024 διάλογοι
830 938 874 1006 τά
898 933 1018 1008 αὐτῶν
1043 940 1338 1027 λαμβάνοιεν,νώ

221 1057 329 1142 μηδὲν
352 1056 424 1123 τῶν
449 1049 664 1141 ὀφειλόντων
689 1055 854 1145 εἰρῆσθαι
879 1059 1022 1143 σιγῷτο.
1061 1059 1116 1123 35.
1142 1055 1207 1125 Διιὶ
1230 1057 1338 1125 τοῦτο

220 1163 494 1262 Ἀ’πολλόσωρος
529 1175 591 1255 μεν
626 1165 736 1257 ἤκουε
771 1172 912 1263 πρᾴως,
946 1181 1005 1240 καὶ
1041 1173 1268 1259 Ξενοκλείδης
1290 1165 1336 1239 ori

222 1294 427 1378 γέγραπται,
450 1289 564 1375 μάνου
590 1289 629 1357 δὲ
651 1313 702 1369 ως
727 1283 864 1357 ἔοικεν’
866 1290 1018 1370 Averno,
1031 1289 1340 1382 connectendo

222 1428 301 1483 νου,
343 1411 508 1473 κίνδυνον
552 1404 621 1489 ’ἔχει
657 1406 873 1491 μνησθῆναι,
913 1415 971 1475 καὶ
1008 1398 1031 1472 ἃ
1068 1419 1182 1475 ποιεῖν
1222 1405 1341 1491 τούτῳ

224 1526 394 1599 δέδοκται,
418 1520 528 1587 ταῦτα
552 1512 673 1588 οὐθενὶ
695 1522 962 1610 συγκεχώρηται
986 1528 1108 1608 λέγειν.
1132 1514 1227 1589 Ἀλλ’
1249 1512 1341 1614 ὅπερ

227 1638 329 1726 ἔφην,
352 1645 471 1723 μησεὶς
496 1637 629 1705 οἰέσθω
652 1640 781 1706 τοῦτον
807 1632 881 1707 άπὸ
906 1641 970 1726 τῆς
992 1630 1190 1731 πρόςῦμᾶς
1203 1632 1344 1721 ednodus·

226 1763 284 1821 καὶ
318 1755 383 1821 τοῦ
418 1753 483 1841 τὴν
519 1756 642 1841 λύμην,
678 1748 704 1843 ἢ
738 1764 880 1846 χείρους
914 1769 1012 1825 ποιεῖ
1042 1756 1128 1836 τούς
1153 1746 1344 1847 ὗμετέρονς

79 1878 147 1936 Rsk.
160 1882 205 1937 ll.
227 1882 366 1954 παῖδας,
403 1869 539 1943 ἐθέλειν
558 1872 731 1966 1ἐξείλεῖν,
769 1880 827 1944 ἐπὶ
849 1878 980 1946 τοῦτον
1003 1869 1101 1963 ἥκειν
1123 1876 1186 1944 τὸν
1211 1870 1344 1962 ἀγῶνα.

205 1995 284 2059 .36.
312 1993 357 2059 Εἰ
391 1992 458 2084 γὰρ
496 1994 689 2085 Σωκράτης
724 1984 932 2084 ιῖπερέβαινε
955 1988 1110 2081 τάληθὲς
1133 2002 1191 2062 καὶ
1214 1995 1345 2061 τοῦτον

229 2111 389 2195 ἐσέμνυνε
425 2110 573 2195 φάσκων
613 2103 759 2201 ἀρχαῖον
796 2118 1050 2201 παρειληφέναι
1075 2106 1252 2190 πλοῦτον,
1268 2101 1345 2177 οὔτ’

229 2215 272 2292 ἃν
307 2218 481 2311 ἠδίκησθε
516 2215 611 2312 ὖμεῖς
646 2220 723 2295 οὔτ’
756 2222 800 2295 ἃν
834 2221 985 2315 ησέβητο
1008 2226 1050 2295 τά
1075 2234 1177 2296 θεῖον
1201 2218 1278 2295 οὔτ’
1303 2216 1346 2292 ἂν

265 2444 310 2497 34
332 2451 388 2509 τὶς
410 2466 466 2503 rev
486 2445 598 2508 ἄλλων
618 2461 646 2518 p.
667 2441 704 2501 U.
725 2441 769 2512 V.‚
788 2443 875 2505 inB.
897 2451 955 2517 τίς
977 2443 1117 2503 omissum
1136 2448 1187 2503 est.

265 2544 311 2599 35
330 2545 378 2603 Σέδ
364 2546 448 2604 dorae
469 2557 520 2619 pro
541 2544 745 2616 memorali
805 2541 950 2622 ἐξελθεῖν
970 2564 1021 2621 pro
1043 2545 1169 2621 ἐξελεῖν,
1190 2541 1225 2602 V

266 2644 311 2699 36.
332 2652 465 2705 πλοῦτον
486 2646 578 2706 oiim
582 2642 683 2706 '‘ev
672 2650 812 2717 ηνεότης
834 2640 1012 2722 διέφθαρτο,
1032 2664 1061 2721 p

266 2838 313 2894 35.
335 2836 569 2907 Ἀπολλόδωρος.
599 2834 792 2893 Difficillimus
821 2836 910 2905 locus,
944 2837 995 2913 qni
1021 2840 1116 2893 tamen
1136 2819 1348 2911 interpretibus,

228 2935 367 3009 quotquot
385 2929 498 2987 Libanii
517 2949 601 3006 opera
619 2932 783 3007 tetigerunt,
805 2934 909 3010 planus
929 2940 958 2993 et
977 2933 1129 3011 expeditus
1147 2952 1208 2991 esse
1225 2932 1348 3002 ridetur,

229 3048 319 3106 neque
345 3029 421 3087 euim
450 3028 581 3087 Reiskius
610 3050 702 3109 neque
733 3032 902 3108 posteriores
930 3032 1081 3110 quicquam
1101 3038 1278 3091 annotarunt.
1305 3032 1348 3089 Ac

208 3148 293 3207 [curn
322 3128 415 3186 statim
444 3129 571 3205 quaestio
600 3129 683 3187 nobis
713 3131 864 3202 oboriatur,
895 3132 959 3209 quis
988 3133 1038 3191 ille
1059 3131 1260 3211 Apollodorus,
1275 3122 1349 3209 ¹quis

229 3227 399 3285 Xenoclides
424 3227 517 3298 fuerit,
553 3230 647 3287 sintne
681 3230 763 3288 nobis
790 3232 851 3289 noti
883 3230 999 3289 aliunde
1028 3231 1084 3289 viri
1114 3250 1211 3301 necue,
1232 3228 1349 3289 Motelli

228 3326 385 3385 versionem
413 3326 540 3385 latinam
559 3328 751 3406 inspiciamus.
781 3329 876 3387 Vertit
894 3330 950 3388 sic:
972 3335 1138 3408 npropterea
1156 3328 1349 3406 Apollodorus

228 3426 331 3484 leuiter
359 3445 424 3484 eum
459 3426 600 3498 audiebat,
628 3433 656 3485 et
686 3429 857 3487 Xenoclides
887 3429 938 3488 nbi
965 3430 1156 3506 scriptumest,
1175 3426 1350 3503 (legitenim

229 3524 303 3583 Mor.
325 3525 357 3588 ιθ
377 3545 427 3603 pro
448 3530 489 3596 οὐ,
509 3527 587 3605 quod
604 3527 689 3585 habet
713 3529 785 3605 p.).''
814 3529 874 3586 Aut
893 3549 938 3589 me
958 3530 1032 3589 fallit
1052 3534 1101 3586 aut
1119 3527 1260 3586 Morellus
1278 3525 1349 3604 ipse,

231 3642 302 3699 quae
321 3616 441 3702 scripsit,
460 3645 517 3683 non
535 3626 689 3697 intellexit,
711 3626 865 3684 admodum
880 3627 961 3696 enim
980 3626 1100 3685 obscura
1117 3625 1267 3683 verborum
1287 3642 1348 3681 sen·

230 3724 320 3783 tentia
348 3730 398 3782 est.
436 3723 644 3801 Apollodorum
674 3744 734 3783 esse
764 3730 864 3782 uotum
892 3726 976 3783 illum
1007 3723 1128 3783 Socratis
1148 3717 1351 3799 amicumqui

232 3825 341 3885 Critoni
370 3826 428 3884 fere
454 3846 505 3903 par
535 3825 565 3883 in
597 3826 736 3885 Socratem
758 3827 882 3897 caritate,
903 3827 1010 3885 relictis
1030 3827 1163 3886 omnibus
1182 3825 1274 3895 rebus,
1295 3843 1352 3882 ma·

232 3926 352 4001 gistrum
383 3930 542 3996 sectaretur,
579 3925 749 3996 concredo,
770 3945 823 3983 nec
847 3927 937 4003 magis
957 3927 1027 3985 certi
1047 3927 1118 4005 quid
1138 3927 1174 3985 de
1194 3924 1351 3984 Xenoclide
1383 3942 1385 3946 ’

232 4027 355 4103 proferre
374 4040 507 4103 possum,
518 4046 606 4103 quum
625 4027 696 4085 mihi
716 4047 820 4085 nornen
838 4027 954 4087 aliunde
964 4047 1021 4086 uon
1031 4027 1197 4095 innotuerit.
1216 4025 1352 4100 Intellige

232 4132 326 4185 tamen
346 4145 380 4184 ex
400 4127 453 4184 hoc
473 4128 545 4196 loco,
566 4127 773 4202 Apollodorum
792 4132 821 4184 et
839 4126 1036 4196 Xenoclidem,
1056 4132 1089 4185 ut
1107 4127 1244 4203 Anytum,
1263 4125 1353 4184 mani·

232 4225 286 4285 bus
303 4226 410 4285 victum
429 4226 485 4285 sibi
505 4227 684 4305 quaesivisse,
706 4226 756 4285 sed
776 4227 962 4286 nihilominus
980 4226 1241 4303 eosnonpudnissa
1260 4243 1353 4285 coram

234 4327 344 4387 civibus
363 4328 395 4387 id
414 4327 506 4400 fateri,
525 4327 687 4405 Socratique
706 4327 893 4403 interroganti
910 4327 1003 4405 palam
1022 4325 1201 4405 respondere.
