3159 5167
715 433 758 498 64

182 644 289 710 τοῦτο
323 642 365 728 σὴ
399 634 588 727 όπέλαβον,
612 631 662 718 αἶς
692 640 897 729 Σωκράτης,
923 631 946 704 ἃ
968 649 1041 714 τοῖς
1065 627 1182 711 ἄλλοις
1208 626 1297 717 όγαν

182 756 391 853 προόξένει,
404 764 543 830 τούτων
569 751 611 828 ἂν
636 749 746 826 αὐτὸν
771 752 966 848 ἀπεστέρει,
991 764 1049 824 καὶ
1062 767 1137 832 τοῖς
1149 755 1211 839 μὲν
1224 742 1297 838 ‹iot-

149 886 157 894 “
182 881 303 948 λοῦσιν
328 882 456 967 ἑόήλου
480 879 542 958 τὰς
556 883 613 946 ἐπὶ
627 877 667 944 τό
681 882 857 961 βέλτιστον
872 867 991 955 ὁόούς,
1006 867 1113 952 αὐτὸς
1128 874 1165 940 σὲ
1179 862 1298 961 ᾑρεῖτο

182 997 247 1084 τὴν
272 996 365 1088 πρὸς
388 995 432 1063 τὰ
445 1004 553 1087 χείρω
571 1002 764 1081 φέρουσαν,
779 986 853 1060 ἀλλ’
865 987 948 1061 οὔτε
961 995 1079 1078 λόγοις
1092 983 1169 1058 οὔτ’
1182 990 1299 1079 ἐργοις

184 1104 288 1192 οὗτός
312 1137 399 1180 ποτε
424 1111 517 1202 πρὸς
531 1119 654 1178 κακίαν
675 1099 832 1195 ιῖγησατο
856 1121 930 1187 τοῖς
942 1116 1045 1186 νέοις,
1059 1099 1133 1172 ἀλλ’
1146 1109 1180 1173 οἰ
1191 1104 1299 1190 μηδὲν

182 1231 333 1308 ἐοικότες
356 1230 475 1313 τοιῖτῳ
498 1237 557 1294 καὶ
580 1228 779 1316 γράφονται
804 1225 946 1316 γραφὰς
965 1217 1296 1305 όόίκουςκαὶκατη-

182 1348 331 1438 γοροῦσι
355 1346 399 1413 τὰ
422 1346 552 1432 φευσῆ,
577 1335 643 1409 κᾶν
668 1335 872 1431 ἀναρπάσαι
898 1341 1086 1427 δυνηθῶσι
1111 1339 1299 1405 τῶνπολι-

182 1462 254 1528 τῶν
291 1486 379 1541 τινα,
411 1462 518 1528 τοῐτο
543 1449 714 1546 ἡγοῦνται
737 1458 912 1548 λαμπρόν.
953 1458 1029 1522 126.
1056 1448 1298 1545 Ἐρωτῶντες,

182 1586 220 1645 τί
240 1569 294 1658 ὃν,
317 1581 349 1645 εἰ
371 1585 454 1668 περὶ
479 1569 592 1643 αὐτοῦ
620 1575 733 1641 ταῦτα
757 1575 879 1663 λάθρᾳ
903 1574 1033 1658 ἔλεγον,
1052 1573 1300 1638 ἐπεπόνθεσαν

183 1687 288 1761 οὗόὲν
324 1693 444 1773 κακόν,
481 1696 579 1782 εἴπερ
618 1684 674 1758 ἐπ’
712 1683 832 1757 οὐδενὶ
868 1691 979 1774 κακῷ,
1010 1689 1181 1779 καθάπερ
1219 1679 1300 1754 οόό

184 1800 289 1888 οὗτος
329 1810 456 1900 ἐχρῆτο
493 1821 566 1886 τοῖς
602 1809 732 1892 λόγοις,
771 1797 864 1897 ὑπὲρ
906 1797 950 1873 οὗ
987 1814 1046 1873 καὶ
1081 1797 1178 1872 τοῦτ’
1203 1797 1301 1886 αὐτῷ

183 1934 344 2012 γίγνεται,
380 1925 423 1992 τὸ
446 1924 500 2011 μὴ·
518 1925 640 2014 λα’θρᾳ
664 1929 850 1990 ποιεῖσθαι
874 1922 959 2001 τούς
985 1920 1127 2006 λόγους,
1154 1911 1205 1998 αἶς
1228 1933 1300 1998 τοῖς

183 2044 245 2128 μὲν
284 2035 537 2109 όσικοῦσικαὶ
574 2037 836 2130 κακουργοῦσιν
871 2043 906 2106 ἐν
940 2041 1069 2124 σκότῳ,
1107 2028 1152 2104 οὗ
1177 2035 1300 2124 λήσειν

124 2173 127 2180 ’
184 2156 294 2238 ἐλπὶς,
319 2158 362 2225 τὰ
387 2158 532 2225 τοιαῦτα
558 2157 759 2244 πράττεται,
783 2168 856 2234 τοῖς
882 2149 915 2223 ό
941 2147 1067 2233 ἁπλῶς
1084 2163 1142 2220 καὶ
1159 2161 1301 2231 όικαίως

183 2277 245 2361 ζῆν
282 2279 504 2365 αἱρουμένοις
528 2275 681 2358 ἐνμέσῳ
706 2280 765 2338 καὶ
789 2273 935 2339 πόντων
960 2263 1137 2362 όροίντων
1162 2262 1302 2336 ἅπαντα

183 2399 344 2477 γίγνεται.
380 2389 441 2457 Διό
466 2389 732 2474 καὶ·θαυμα’σαι
756 2414 809 2467 τις
834 2381 904 2476 (ἂν)
928 2382 1084 2455 Ἀνότου
1108 2395 1301 2466 πείθοντος

185 2499 275 2594 ὑμᾶς
300 2508 482 2597 όεινότερα
506 2507 580 2572 τῶν
605 2507 772 2595 φανερῶν
797 2498 941 2591 τᾶφανῇ
966 2505 1128 2591 νομίζειν.
1155 2507 1231 2570 127.
1260 2503 1304 2570 Εἰ

225 2697 289 2751 125·
311 2697 345 2757 λὶν
376 2697 476 2761 αὐτόν,
509 2698 542 2754 av
570 2691 708 2768 expunxit
728 2690 831 2748 Gasda.
891 2689 941 2751 ε’πῖ
964 2699 997 2752 τὸ
1020 2696 1144 2766 βέλτιον
1163 2709 1215 2766 pro
1232 2695 1302 2766 βέλ-

189 2819 301 2861 τιοτιν,
327 2791 365 2850 U·
395 2791 430 2847 V·
491 2799 547 2852 τῶν
580 2800 656 2858 νέων,
686 2789 730 2858 R„
762 2799 827 2860 τοῖς
860 2797 943 2862 νειῖς,
976 2789 1037 2846 rell.
1097 2796 1238 2866 ἁρπάσαι,
1258 2789 1301 2859 Β,

189 2900 366 2971 ἀναρπάσαι,
384 2911 412 2968 p.

226 2995 290 3050 126.
311 2997 415 3068 ’ἔλεγεν
436 3009 487 3065 pro
508 2994 624 3066 ἐ’λεγον,
645 2988 682 3047 U.
703 2989 737 3046 V.
800 2989 886 3051 τοῦτ’
899 2993 984 3058 αὖα-6,
1002 2986 1085 3047 U.V.
1144 2996 1306 3066 atyermp„

189 3100 298 3163 λύσειν,
318 3091 364 3160 V„
385 3096 496 3158 λήσειν,
517 3089 578 3146 rell.
638 3095 683 3158 ἄν,
703 3089 762 3148 Jac.
783 3094 812 3146 et
830 3088 925 3146 Gasda
943 3088 1133 3146 inseruerunt.

226 3261 291 3318 126.
311 3258 461 3336 (lamparet
479 3256 616 3314 Libanius
636 3263 811 3315 accusatores
832 3277 897 3314 cum
917 3256 963 3326 iis,
984 3257 1034 3334 qui
1045 3262 1128 3314 nocte
1138 3277 1171 3314 ac
1184 3257 1307 3314 tenebris

93 3409 94 3412 ,
187 3359 256 3416 ortis
275 3357 438 3415 hominibus
458 3357 630 3414 calamitates
650 3357 788 3426 inferunt,
809 3376 845 3414 ne
865 3357 923 3414 dol'
945 3363 974 3415 et
992 3357 1105 3414 fraudes
1124 3350 1302 3435 palam⁴fiant3

187 3459 232 3517 illi
251 3458 335 3526 enim,
354 3457 506 3534 ·quij11ste
526 3475 557 3512 ac
578 3455 745 3531 simpliciter
765 3457 866 3513 vivunt
886 3456 918 3512 in
937 3456 997 3513 foro
1018 3457 1149 3514 omnibus
1169 3456 1305 3534 aspicien-

187 3557 264 3616 tibus
295 3561 391 3632 agunt.
422 3555 564 3613 Posterior
594 3555 683 3630 igitur
712 3542 874 3613 sententiae*
899 3575 963 3632 pars
994 3557 1068 3613 clara
1086 3561 1137 3620 est.
1158 3556 1193 3613 de
1212 3556 1305 3632 priore

188 3664 282 3716 tamen
301 3658 378 3715 idem
398 3657 568 3714 contendere
588 3676 646 3713 non
666 3657 765 3732 ausim,
787 3677 875 3733 quum
895 3656 971 3713 illud
982 3661 1144 3733 ἐρωτῶντες
1156 3657 1204 3714 vix
1214 3656 1305 3725 habet,

189 3776 245 3834 quo
265 3756 412 3832 pertineat.
443 3755 507 3812 Hoc
538 3755 598 3812 sine
619 3754 706 3812 dubio
727 3755 864 3813 Libanius
884 3756 988 3812 voluit:
1010 3775 1060 3812 cur
1079 3761 1261 3825 accusatmee
1282 3755 1307 3811 si

189 3857 225 3914 de
255 3876 302 3915 reo
333 3857 405 3914 clam
434 3856 600 3933 loquuntur,
633 3875 751 3931 poenam
782 3876 841 3913 non
867 3857 961 3925 luunt,
981 3877 1045 3914 nam
1065 3876 1157 3914 coram
1178 3856 1308 3913 omnibus

191 3955 272 4014 verba
301 3955 391 4014 facere
420 3955 529 4011 nemini
559 3955 672 4012 crimini
700 3961 750 4012 cst.
781 3956 812 4013 Si
842 3955 1006 4032 ἐρωτῶντες
1027 3961 1145 4025 abesset,
1166 3956 1307 4014 sententia

190 4056 262 4114 bene
281 4057 455 4134 procederet,
476 4075 560 4131 quam
579 4056 615 4113 ob
636 4075 748 4114 causam
768 4056 839 4112 mihi
858 4063 923 4133 post
942 4057 1016 4114 illud
1031 4057 1307 4134 participiumquam

191 4161 264 4224 ante,
294 4162 327 4214 ut
357 4156 451 4214 Gasda
480 4161 569 4232 putat,
599 4156 700 4213 lacuna
730 4156 880 4214 statuenda
910 4157 1006 4234 potius
1026 4156 1147 4229 videtur,
1167 4156 1224 4213 nisi
1243 4154 1306 4238 quis

192 4259 353 4331 ἐρωτῶντες
374 4253 487 4312 uncinis
506 4253 654 4314 includere
672 4254 788 4316 mavult·
