3159 5167
782 485 825 552 27

246 676 268 777 ᾗ
292 690 414 775 νεότης
440 697 648 784 διέφθαρτο·
673 693 737 761 νύν
764 693 794 760 δ’
820 687 888 779 ούγ
911 683 990 779 ύμῖν
1013 692 1163 779 βοηθῶν
1178 685 1251 760 ἁλλ’
1266 680 1360 781 ὑπὲρ

244 793 357 872 αὐτοῦ
379 807 614 894 λυπούμενος,
639 802 718 876 ούδ
742 798 837 900 ύπὲρ
862 811 925 895 της
935 811 1074 888 πόλεως
1086 810 1360 898 τιμωρούμενος,

245 910 317 985 ἁλλ’
343 912 560 1005 ἀγανακτῶν,
584 923 615 990 εἰ
637 914 750 1014 ὅσπερ
774 927 846 991 ἐστὶ
869 933 928 991 καὶ
953 924 1058 1006 δόξει,
1071 926 1235 991 πλάττειν
1251 924 1360 1001 αἰτίας

243 1044 301 1103 καὶ
337 1052 569 1124 συκοφαντεῖν
606 1028 782 1126 ὑπέμεινε,
819 1042 1013 1130 πριάμενος
1050 1040 1112 1108 τὸν
1138 1044 1196 1108 ε’πὶ
1221 1039 1361 1131 δραχμῇ

243 1153 360 1221 πάντα
396 1146 439 1221 ἃν
475 1157 674 1242 ποιήσαντα
702 1163 874 1243 Μέλητον.
913 1159 970 1225 37.
998 1164 1098 1243 Μέγα
1123 1159 1161 1225 δὲ
1184 1148 1264 1243 ύμῖν
1288 1156 1361 1247 ἐρῶ

243 1272 440 1361 τεκμήριον,
466 1262 516 1352 ῶς
540 1274 718 1364 ἑτέρωθεν
743 1276 951 1362 κινούμενος
975 1273 1016 1341 τὸ
1040 1264 1208 1365 ύμέτερον
1237 1277 1361 1363 προΐσ-

243 1412 352 1457 ταται.
371 1381 468 1475 Ἤδη
492 1389 560 1482 γὰρ
581 1392 643 1478 τῆς
663 1392 804 1482 γραφῆς
818 1384 1096 1477 άπενηνεγμένης
1108 1391 1238 1476 καὶτῆς
1251 1390 1360 1467 αἰτίας

243 1513 501 1595 κεκηρυγμένης
514 1515 596 1596 περὶ
604 1507 773 1576 σπονδῶν
783 1514 1012 1597 προςέπεμπε
1028 1508 1219 1598 Σωκράτει,
1227 1505 1290 1573 τὸν
1299 1507 1361 1593 μὲν

207 1614 208 1619 ¹
245 1615 353 1703 άξιῶν
391 1616 588 1711 ἇποστῆναι
622 1626 689 1693 τοῦ
718 1626 922 1713 μεμνῇσθαι
947 1625 1010 1711 τῆς
1033 1631 1167 1710 τέχνης,
1193 1615 1299 1701 αύτὸς
1324 1623 1362 1689 δὲ

243 1730 524 1827 ὑπισχνούμενος
550 1741 1058 1833 διαγράψεσθαιτηνγραφην.
1090 1740 1162 1807 Ἰού
1176 1739 1360 1824 δὲφησαν-

243 1880 303 1935 τος
316 1850 362 1924 ού
385 1858 589 1926 παύσεσθαι
600 1860 673 1926 τῶν
687 1852 849 1943 ἀληθῶν,
862 1859 930 1938 ἕως
944 1850 987 1925 ἂν
1002 1860 1145 1945 ε’μπνέη,
1161 1856 1360 1947 χρήσεσθαι

246 1974 284 2039 δὲ
307 1986 380 2052 τοῖς
404 1968 524 2054 αύτοίς
547 1985 631 2066 περὶ
654 1977 727 2043 τῶν
753 1970 872 2043 αὐτῶν
897 1977 1025 2061 λόγοις,
1050 1983 1108 2042 καὶ
1128 1968 1177 2042 ού
1189 1975 1361 2042 τοσοῦτον

245 2090 399 2175 ἰσχύσειν
424 2092 488 2178 την
513 2101 737 2184 κατηγορίαν.
763 2085 814 2172 ῶς
839 2085 949 2182 ἃπρό
963 2085 1074 2177 αὐτῆς
1086 2091 1218 2179 ἐνόμιζε
1230 2091 1362 2182 προςή-

244 2230 316 2275 κειν
341 2214 462 2294 λέγειν,
486 2202 584 2277 ταῦτ’
610 2203 667 2277 ἐπ’
692 2213 806 2298 ἐκείνη
819 2211 930 2295 σιγᾶν,
945 2200 1142 2295 ούτωςῆδη
1156 2215 1361 2299 παρέδωκεν

245 2322 292 2401 εἰς
328 2313 418 2408 ύμάς
455 2323 517 2391 τὸν
554 2317 659 2393 ούδὲν
696 2316 748 2393 ῶν
784 2324 916 2413 ἐνόμιζε
941 2332 1085 2392 δικαίων
1107 2324 1361 2413 προδεδωκότα

244 2440 297 2524 τῷ
322 2440 437 2525 φόβῳ,
463 2432 554 2508 ῶστε
577 2449 636 2507 καὶ
659 2442 725 2509 τοῦ
748 2449 827 2509 νυνὶ
839 2448 1026 2532 κρίνεσθαι
1046 2441 1251 2531 Σωκράτην,
1270 2439 1299 2507 εἰ
1312 2446 1365 2507 δεῖ

244 2564 302 2623 καὶ
326 2549 423 2623 τοῦτ’
445 2557 565 2637 εἰπεῖν,
591 2550 658 2624 ούκ
677 2539 831 2637 ’Ἄνυτος
856 2550 941 2625 ούδὲ
968 2564 1127 2641 Μέλητος
1152 2559 1271 2635 αἴτιος,
1287 2548 1360 2623 ἀλλ’

246 2664 331 2739 αύτί
335 2698 353 2751 ς
394 2674 597 2763 Σωκράτης.
636 2678 690 2740 38.
731 2676 776 2741 Εἰ
804 2673 872 2765 γάρ
897 2665 1003 2753 οὗτος
1026 2673 1090 2760 την
1115 2676 1361 2762 ἐπικηρυκείαν

245 2789 384 2870 ἐδέξατο
419 2798 477 2858 καὶ
512 2790 684 2858 τοσοῦτον
721 2792 858 2859 ἔπεισεν
895 2781 1004 2858 αὐτὸν
1038 2780 1061 2875 ἢ
1097 2787 1270 2870 καθάπαξ
1292 2788 1361 2869 ἔξω

244 2906 380 2992 μνήμης
417 2900 555 2993 άφιέναι
588 2909 716 2976 τοῦτον
741 2899 770 2975 ἰ
787 2913 1002 2994 μεμνημένος
1026 2910 1166 2992 κοσμεῖν
1191 2898 1265 2971 άπὸ
1288 2904 1361 2971 τῶν

245 3014 290 3089 ού
325 3006 588 3112 προςηκόντων,
626 3026 689 3092 νῦν
729 3016 770 3093 ἂν
803 3018 847 3112 ἦν
885 3027 921 3091 ἐν
958 3029 1097 3107 Λυκείῳ
1132 3028 1243 3106 λέγων
1269 3011 1360 3112 άπερ

244 3138 377 3207 εἰῶθει.
402 3133 494 3207 Ἀλλ’
519 3135 587 3207 ούκ
610 3133 654 3227 ἦν
681 3142 837 3227 ἔμφυτον
861 3139 914 3223 τῷ
938 3145 1087 3223 γενναίῳ
1100 3136 1219 3221 τούτῳ
1231 3136 1361 3222 πτῆξαι

244 3234 301 3321 καὶ
336 3257 605 3343 ταπεινωθῆναι
640 3257 684 3344 τῇ
719 3256 853 3347 γραφῇ,
889 3263 948 3322 καὶ
984 3252 1117 3341 μισθὸν
1153 3252 1216 3338 τῆς
1248 3241 1387 3336 αὐτούΙ

244 3379 419 3462 σωτηρίας
453 3378 659 3440 καταθεῖναι
696 3373 815 3457 τούτῳ
850 3370 915 3437 τόν
952 3378 1036 3460 περὶ
1070 3361 1182 3435 αύτού
1207 3367 1359 3455 σιωπὴν,
1458 3438 1461 3441 ,

245 3478 316 3553 ἄλλ’
338 3480 440 3573 ἠξίου
464 3500 536 3568 τοῖς
558 3493 780 3575 βεβιωμένοις
805 3487 992 3566 σωζεσθαι,
1017 3493 1075 3551 καὶ
1095 3483 1268 3563 καταστάς
1284 3474 1359 3551 ύπὸ

283 3667 328 3722 36-
348 3664 398 3727 ε’πῖ
419 3669 547 3745 δραχμῇ,
567 3666 599 3723 L.
621 3666 657 3724 U.
680 3665 721 3735 V„
742 3665 792 3728 ἐπὶ
815 3670 976 3742 δραχμαῖς,
997 3682 1024 3739 p.
1045 3663 1080 3721 R·
1139 3669 1310 3732 ποιήσοντα,
1324 3661 1358 3721 R.

282 3765 328 3825 37.
349 3772 537 3840 τριςέπεμπε
557 3774 710 3842 Σωκράτη,
730 3764 765 3821 R.
823 3758 1059 3840 διαγράψετθιιι,
1086 3760 1155 3818 (lob.
1174 3760 1206 3817 in
1223 3761 1359 3836 margine,

243 3861 484 3940 Σιαγράψατθαι,
505 3864 587 3922 codd.
640 3872 823 3941 χρησασθαι,
844 3863 881 3920 U.
901 3862 945 3931 V„
967 3857 1145 3937 χρήσεσθαι,
1165 3880 1192 3937 p.
1214 3861 1246 3918 L.
1266 3861 1301 3919 R.

283 3966 405 4041 38.’ἑξω
427 3969 598 4042 γνάμης,Ρ.
657 3960 841 4027 καταθεῖναι
870 3968 987 4031 ταύταν,
1015 3961 1048 4017 Β.
1110 3970 1174 4033 τοῖς
1196 3965 1358 4044 βεβιωμέ-

245 4090 313 4137 νοις,
332 4083 360 4140 p.
381 4063 416 4122 cf.
436 4064 512 4121 Bast.
532 4084 562 4141 p.
585 4067 649 4126 752.
710 4070 758 4125 καὶ
780 4068 952 4134 μεταστάς,
972 4065 1069 4121 malim
1089 4067 1138 4122 καὶ
1157 4064 1300 4123 inducere.

283 4220 328 4277 38.
350 4220 406 4295 ’ἔξω
426 4226 548 4295 μνήμης.
579 4219 613 4276 In
643 4214 743 4275 eodem
771 4215 823 4273 isso
843 4212 940 4271 codice
958 4208 1042 4289 paris.
1062 4212 1198 4271 vocabula
1217 4218 1311 4288 μνήμη
1332 4218 1361 4271 et

245 4320 340 4394 γνώμη
360 4318 391 4376 in
410 4318 510 4395 Lysiae'
530 4317 655 4376 oratione
675 4314 787 4375 funebri
806 4314 818 4389 ᾗ
838 4317 855 4372 3
876 4311 1096 4371 confunduntur.
