3159 5167
851 488 893 554 61

314 694 448 772 δεικνύς
484 696 574 763 ε’στιν
612 686 657 762 οὗ
694 695 758 782 την
791 695 930 783 κλοπὴν
954 696 1026 763 τῶν
1050 704 1233 786 χρησίμων
1258 699 1425 783 ἐμέμνητο

311 808 382 876 τῶν
406 819 490 900 περὶ
512 811 577 898 τὴν
607 820 748 903 Τροίαν,
773 819 885 899 λέγων
903 806 1009 880 οὐδὲν
1023 811 1157 892 καινὸν,
1171 804 1244 897 ἄλλ’
1260 805 1425 880 ἃποιεῖτε

311 928 543 1012 πολεμοῦντες
568 920 662 1015 ripale
686 938 744 998 καὶ
768 931 971 1015 Λακεδαιμό
981 934 986 1023 Ι
996 955 1065 998 νιοι
1078 939 1135 998 καὶ
1148 932 1278 1009 πάντες
1292 921 1425 1011 ἅπλῶς,
1445 929 1512 990 Βδι
1526 935 1571 995 3Ἱ.

312 1043 354 1120 οἳ,
380 1032 464 1110 droa
487 1045 760 1113 κατασκάπτωσι
786 1032 874 1133 (τὰς)
897 1046 971 1112 τῶν
996 1053 1173 1132 πολεμίων
1198 1047 1328 1125 πόλεις,
1342 1039 1428 1115 οὐδὲ

310 1159 381 1226 ταῖν
405 1161 523 1250 ιἱερῶν
561 1154 751 1247 ἀπέχονται
787 1163 990 1252 χρημάτων,
1014 1163 1088 1229 πᾶν
1112 1169 1237 1252 κέρδος
1261 1161 1303 1230 τὸ
1327 1163 1427 1254 παρὰ

308 1277 380 1343 τῶν
406 1279 587 1364 δυσμενῶν
612 1271 711 1345 ὅσιον
736 1287 924 1369 κρίνοντες.
962 1281 1038 1344 119.
1066 1268 1100 1346 Ὁ
1126 1280 1164 1346 δὲ
1191 1284 1345 1364 Θυέστης
1369 1287 1427 1346 καὶ

308 1394 356 1486 τὰ
391 1396 477 1476 τούς
515 1388 691 1483 ’Ἕλληνας
737 1388 812 1464 ὐπὸ
856 1399 929 1464 τῶν
966 1386 1145 1487 ιῗμετέρων
1181 1396 1425 1477 ἐξαπατᾶσθαι

308 1520 472 1604 πατέρων
497 1517 697 1600 ἐμβέβληται
721 1513 822 1604 παρά
846 1515 908 1600 τῆς
921 1506 1075 1580 Ἀνάτου
1088 1520 1275 1604 πονηρίας,
1290 1513 1425 1592 εἰδότος

308 1620 358 1709 οἷς
394 1624 467 1698 άπὸ
503 1634 565 1717 μέν
602 1633 675 1698 τῶν
712 1631 760 1710 εἰς
796 1630 879 1709 τούς
923 1631 1048 1721 Τρῶας
1086 1639 1143 1696 καὶ
1182 1629 1244 1697 τὸν
1270 1623 1424 1717 άργοντα

308 1748 480 1814 Βοιωτῶν
526 1740 593 1815 ocia
638 1739 680 1815 ἂν
727 1747 846 1828 δόξαι,
870 1745 1002 1824 κακοῦς
1040 1738 1303 1836 άπεργάζεσθαι
1338 1745 1423 1825 τούς

308 1854 548 1943 άκοάονταςὸ
578 1865 782 1956 Σωκράτης,
808 1857 881 1930 άπὸ
907 1865 945 1930 δέ
970 1855 1422 1955 τοι’των,ἃπροςτέθεικεν

307 1973 423 2060 αὐτάς.
466 1973 571 2047 Ἀλλὰ
619 1989 677 2048 καὶ
726 1981 920 2071 Σωκράτης
964 1986 1082 2065 μέντοι
1118 1980 1246 2058 καλῶς,
1280 1973 1423 2059 Ἄνυτε,

305 2088 477 2182 ἠπίστατο
512 2104 721 2183 μαχομένοις
757 2095 852 2187 πρὸς
891 2091 1019 2181 άλληλα
1054 2096 1274 2185 χρησάμενος
1308 2121 1422 2187 παρα-

306 2219 492 2296 δείγμασιν,
525 2211 555 2279 εἰ
585 2212 648 2278 τόν
672 2204 704 2277 τ’
727 2203 892 2278 Ὀδυσσέα
915 2208 1059 2276 καὶτὸν
1087 2214 1243 2295 Θυέστην
1268 2219 1326 2277 καὶ
1353 2218 1422 2278 Μέ-

305 2333 439 2394 λανθον
465 2335 522 2393 καὶ
545 2325 630 2405 τούς
655 2326 861 2416 προγόνους
887 2310 1091 2411 άναμίξειεν,
1116 2314 1167 2405 ως
1180 2325 1420 2411 ἐξαπατησάν·

341 2537 405 2594 118.
426 2539 538 2599 ’ἔνεστιν
560 2535 592 2598 οὗ
611 2555 662 2612 pr0
682 2533 765 2599 ἔστιν
787 2535 830 2605 οὗ,
850 2534 886 2594 U.
908 2533 943 2592 V.
1004 2543 1070 2605 τάς,
1090 2534 1206 2592 inserui·

253 2706 255 2708 ,
320 2639 405 2693 ’1]9.
426 2642 479 2710 μέν
502 2662 545 2699 σοι
567 2655 618 2713 pr0
639 2647 750 2710 μέντοι,
769 2655 798 2712 Ρ.
858 2637 1038 2710 ιἰνααίξειεν,
1058 2641 1207 2710 corruptus
1226 2634 1315 2692 locus.

300 2823 427 2899 exempla
445 2843 509 2880 cnm
530 2822 648 2879 oonsilio
668 2841 726 2879 non
746 2825 940 2895 congruerent.
961 2820 1086 2896 Apparet
1106 2821 1239 2894 ε’ίξοντις
1252 2825 1415 2896 corruptum

299 2940 367 2990 esse,
399 2920 473 2998 quod
505 2921 601 2978 Reisk.
630 2921 714 2988 solus,
746 2925 882 2997 quantum
901 2919 993 2987 video,
1013 2918 1220 2987 animadvertit,
1239 2939 1303 2976 narn
1323 2920 1415 2993 legere

298 3021 404 3078 mavult
436 3023 565 3098 ἥξοντες.
607 3020 839 3078 Emendationem
870 3018 1034 3095 ceteroquin
1070 3019 1163 3075 lenem
1193 3018 1355 3078 dubitanter
1383 3021 1414 3077 in

297 3127 406 3179 textum
426 3121 528 3197 recepi,
548 3121 650 3177 frustra
669 3119 745 3176 enim
764 3120 868 3188 locum,
888 3118 938 3175 ubi
958 3118 1055 3175 ecdem
1075 3117 1279 3191 significatione
1297 3118 1414 3177 verbnm

298 3226 352 3292 ἤια
376 3226 539 3296 σταυροῖσιν
559 3226 609 3289 est,
630 3219 764 3296 quaesivi.

266 3331 268 3336 ’
336 3323 399 3378 119.
421 3330 469 3382 κκῑ
493 3330 563 3392 τοὺς
585 3326 739 3396 προγόνους
761 3319 939 3393 draptiaco.
961 3318 1032 3374 Sunt
1051 3317 1149 3375 Cobeti
1169 3317 1293 3375 verboin
1307 3317 1412 3378 Mnem.

298 3421 380 3490 1875,
410 3440 437 3496 p.
471 3422 540 3484 lai:
575 3418 663 3475 uSunt
694 3416 724 3473 in
753 3416 894 3493 Apologia
922 3414 1042 3472 Socratis
1062 3413 1199 3491 quaedam
1218 3415 1320 3484 ulcera,
1341 3435 1412 3493 quae

295 3522 382 3580 satius
411 3527 453 3578 est
484 3540 541 3578 non
570 3525 691 3594 tongere.
732 3518 790 3575 Ubi
820 3518 896 3574 enim
923 3522 1030 3573 veteres
1049 3517 1166 3573 lacunae
1186 3536 1297 3574 omnem
1317 3537 1411 3575 sanum

295 3623 462 3680 sententium
481 3621 654 3688 deleverunt,
667 3619 828 3676 criticorum
841 3637 925 3694 opera
934 3617 1070 3674 luditnr''.
1092 3617 1129 3674 Et
1138 3617 1169 3673 in
1178 3616 1411 3692 praecedentibus

295 3728 322 3781 et
350 3723 381 3779 in
412 3721 594 3799 sequentibus
622 3718 779 3776 identidem
810 3717 963 3793 apparebit,
993 3736 1037 3774 me
1067 3718 1170 3774 multos
1195 3719 1272 3774 locos
1291 3717 1412 3777 intactos

293 3820 449 3897 reliquisse,
469 3838 556 3895 quum
576 3815 654 3874 omni
673 3834 721 3892 spe
733 3835 830 3873 verum
843 3814 999 3888 vestigandi
1010 3815 1136 3888 dejectus
1146 3815 1242 3888 lugere
1253 3816 1409 3883 maluerim,

293 3919 370 3996 qnod
389 3919 545 3995 Apologiae
565 3921 659 3974 textus
678 3921 735 3972 tam
756 3915 922 3989 depravatus
933 3914 1015 3972 nobis
1029 3915 1148 3972 traditus
1159 3898 1298 3992 ait,¹quem
1308 3916 1410 3974 frustra

293 4037 404 4094 operam
427 4021 455 4073 et
473 4021 584 4090 tempus
603 4033 707 4089 ponere
727 4012 757 4069 in
777 4017 858 4068 textu
877 4012 1062 4070 emendando.
1103 4012 1178 4070 Fieri
1197 4019 1297 4089 potest,
1318 4015 1408 4072 uthic

191 4157 196 4169 .
291 4117 352 4174 illio
371 4115 488 4173 detortis
508 4134 539 4170 ac
558 4112 696 4170 mutilatis
716 4111 860 4168 vocabulis
881 4110 1019 4168 sententia
1037 4112 1176 4188 quaedam
1187 4118 1340 4183 enascatur,
1359 4115 1409 4172 sed

292 4215 362 4272 mihi
381 4214 463 4272 crede
482 4215 648 4291 plerumque
667 4211 752 4269 nimis
772 4210 851 4268 abest
870 4231 887 4267 a
905 4210 1050 4286 scriptoris
1069 4230 1162 4268 manu.
1184 4210 1218 4268 In
1228 4211 1312 4269 initio
1323 4213 1408 4288 hujus

291 4314 456 4396 paragraphi
484 4311 655 4372 constructio
676 4329 734 4369 non
753 4314 871 4381 constat,
891 4328 943 4370 noc
963 4328 1061 4370 sunum
1081 4311 1175 4367 locum
1195 4310 1289 4371 reddit
1309 4311 1405 4374 Reisk.
