<?xml version="1.0" encoding="UTF-8"?>
<!DOCTYPE html PUBLIC "-//W3C//DTD XHTML 1.0 Transitional//EN"
    "http://www.w3.org/TR/xhtml1/DTD/xhtml1-transitional.dtd">
<html xmlns="http://www.w3.org/1999/xhtml" xml:lang="en" lang="en">
 <head>
  <title>
</title>
<meta http-equiv="Content-Type" content="text/html;charset=utf-8" />
  <meta name='ocr-system' content='tesseract 3.04.00' />
  <meta name='ocr-capabilities' content='ocr_page ocr_carea ocr_par ocr_line ocrx_word'/>
</head>
<body>
  <div class='ocr_page' id='page_1' title='image "./libaniiapologia00rogggoog_0037.png"; bbox 0 0 3159 5167; ppageno 0'>
   <div class='ocr_carea' id='block_1_1' title="bbox 806 498 848 564">
    <p class='ocr_par' dir='ltr' id='par_1_1' title="bbox 806 498 848 564">
     <span class='ocr_line' id='line_1_1' title="bbox 806 498 848 564; baseline 0.024 -1"><span class='ocrx_word' id='word_1_1' title='bbox 806 498 848 564; x_wconf 89' lang='grc'><strong><em>13</em></strong></span> 
     </span>
    </p>
   </div>
   <div class='ocr_carea' id='block_1_2' title="bbox 250 696 1524 3243">
    <p class='ocr_par' dir='ltr' id='par_1_2' title="bbox 250 696 1524 3243">
     <span class='ocr_line' id='line_1_2' title="bbox 273 696 1384 797; baseline 0.002 -28"><span class='ocrx_word' id='word_1_2' title='bbox 273 708 303 769; x_wconf 77' lang='lat'><strong><em>2.</em></strong></span> <span class='ocrx_word' id='word_1_3' title='bbox 335 698 423 773; x_wconf 69' lang='grc' dir='ltr'><strong><em>Οὔτε</em></strong></span> <span class='ocrx_word' id='word_1_4' title='bbox 448 704 516 797; x_wconf 80' lang='grc' dir='ltr'><strong><em>γὰρ</em></strong></span> <span class='ocrx_word' id='word_1_5' title='bbox 542 700 584 792; x_wconf 79' lang='grc' dir='ltr'><strong><em>ἧς</em></strong></span> <span class='ocrx_word' id='word_1_6' title='bbox 608 700 665 793; x_wconf 81' lang='grc' dir='ltr'><strong><em>ἐφ’</em></strong></span> <span class='ocrx_word' id='word_1_7' title='bbox 689 707 839 775; x_wconf 76' lang='grc' dir='ltr'><em>ἑκάστου</em></span> <span class='ocrx_word' id='word_1_8' title='bbox 863 714 922 773; x_wconf 88' lang='grc' dir='ltr'><strong><em>καὶ</em></strong></span> <span class='ocrx_word' id='word_1_9' title='bbox 944 706 1053 790; x_wconf 82' lang='grc' dir='ltr'><strong><em>λόγου</em></strong></span> <span class='ocrx_word' id='word_1_10' title='bbox 1077 712 1136 771; x_wconf 86' lang='grc' dir='ltr'><strong><em>καὶ</em></strong></span> <span class='ocrx_word' id='word_1_11' title='bbox 1159 704 1268 794; x_wconf 76' lang='grc' dir='ltr'><strong><em>ἔργου</em></strong></span> <span class='ocrx_word' id='word_1_12' title='bbox 1284 696 1384 789; x_wconf 77' lang='grc' dir='ltr'><strong><em>αὐτῷ</em></strong></span> 
     </span>
     <span class='ocr_line' id='line_1_3' title="bbox 272 813 1384 911; baseline 0.002 -25"><span class='ocrx_word' id='word_1_13' title='bbox 272 823 495 907; x_wconf 67' lang='grc' dir='ltr'><strong><em>δικαιοσύνης</em></strong></span> <span class='ocrx_word' id='word_1_14' title='bbox 520 824 667 893; x_wconf 83' lang='grc' dir='ltr'><strong><em>σάνοιδα</em></strong></span> <span class='ocrx_word' id='word_1_15' title='bbox 690 822 755 911; x_wconf 80' lang='grc' dir='ltr'><strong><em>τὴν</em></strong></span> <span class='ocrx_word' id='word_1_16' title='bbox 779 824 853 891; x_wconf 79' lang='grc' dir='ltr'><strong><em>τῶν</em></strong></span> <span class='ocrx_word' id='word_1_17' title='bbox 878 816 1008 900; x_wconf 87' lang='grc' dir='ltr'><strong><em>άδίκως</em></strong></span> <span class='ocrx_word' id='word_1_18' title='bbox 1029 813 1208 889; x_wconf 75' lang='grc' dir='ltr'><strong><em>ἐπάὖτὸν</em></strong></span> <span class='ocrx_word' id='word_1_19' title='bbox 1221 840 1384 906; x_wconf 85' lang='grc' dir='ltr'><strong><em>συνεστη-</em></strong></span> 
     </span>
     <span class='ocr_line' id='line_1_4' title="bbox 270 928 1384 1030; baseline 0.001 -26"><span class='ocrx_word' id='word_1_20' title='bbox 270 939 384 1006; x_wconf 87' lang='grc' dir='ltr'><strong><em>κότων</em></strong></span> <span class='ocrx_word' id='word_1_21' title='bbox 408 944 628 1026; x_wconf 81' lang='grc' dir='ltr'><strong><em>βλασφημίαν</em></strong></span> <span class='ocrx_word' id='word_1_22' title='bbox 653 941 769 1019; x_wconf 80' lang='grc' dir='ltr'><strong><em>καλῶς</em></strong></span> <span class='ocrx_word' id='word_1_23' title='bbox 793 933 864 1028; x_wconf 82' lang='grc' dir='ltr'><strong><em>(ἄν)</em></strong></span> <span class='ocrx_word' id='word_1_24' title='bbox 885 942 976 1025; x_wconf 82' lang='grc' dir='ltr'><strong><em>εἶχεν</em></strong></span> <span class='ocrx_word' id='word_1_25' title='bbox 989 939 1219 1030; x_wconf 83' lang='grc' dir='ltr'><strong><em>ἰσχυροτέραν</em></strong></span> <span class='ocrx_word' id='word_1_26' title='bbox 1233 928 1384 1024; x_wconf 75' lang='grc' dir='ltr'><strong><em>ἧγησασ·</em></strong></span> 
     </span>
     <span class='ocr_line' id='line_1_5' title="bbox 270 1047 1384 1146; baseline 0 -25"><span class='ocrx_word' id='word_1_27' title='bbox 270 1060 346 1134; x_wconf 90' lang='grc' dir='ltr'><strong><em>θαι,</em></strong></span> <span class='ocrx_word' id='word_1_28' title='bbox 377 1057 510 1143; x_wconf 74' lang='grc' dir='ltr'><strong><em>πολλῆς</em></strong></span> <span class='ocrx_word' id='word_1_29' title='bbox 545 1049 621 1124; x_wconf 80' lang='grc' dir='ltr'><strong><em>τ’άν</em></strong></span> <span class='ocrx_word' id='word_1_30' title='bbox 646 1050 690 1141; x_wconf 78' lang='grc' dir='ltr'><strong><em>ἦν</em></strong></span> <span class='ocrx_word' id='word_1_31' title='bbox 714 1065 848 1136; x_wconf 85' lang='grc' dir='ltr'><strong><em>κακίας,</em></strong></span> <span class='ocrx_word' id='word_1_32' title='bbox 873 1047 905 1141; x_wconf 76' lang='grc' dir='ltr'>ᾧ</span> <span class='ocrx_word' id='word_1_33' title='bbox 930 1057 1041 1143; x_wconf 77' lang='grc' dir='ltr'><strong><em>συνῆν</em></strong></span> <span class='ocrx_word' id='word_1_34' title='bbox 1064 1080 1101 1124; x_wconf 84' lang='grc' dir='ltr'><strong><em>τε</em></strong></span> <span class='ocrx_word' id='word_1_35' title='bbox 1124 1056 1302 1146; x_wconf 87' lang='grc' dir='ltr'><strong><em>πρότερον</em></strong></span> <span class='ocrx_word' id='word_1_36' title='bbox 1326 1062 1384 1121; x_wconf 87' lang='grc' dir='ltr'><strong><em>καὶ</em></strong></span> 
     </span>
     <span class='ocr_line' id='line_1_6' title="bbox 250 1168 1383 1262; baseline -0.001 -24"><span class='ocrx_word' id='word_1_37' title='bbox 250 1172 448 1262; x_wconf 79' lang='grc' dir='ltr'><strong><em>περὶτῶν</em></strong></span> <span class='ocrx_word' id='word_1_38' title='bbox 473 1173 627 1259; x_wconf 81' lang='grc' dir='ltr'><strong><em>ἐμαυτοῦ</em></strong></span> <span class='ocrx_word' id='word_1_39' title='bbox 651 1174 852 1259; x_wconf 69' lang='grc' dir='ltr'><strong><em>σύμβουλον</em></strong></span> <span class='ocrx_word' id='word_1_40' title='bbox 877 1174 1084 1259; x_wconf 81' lang='grc' dir='ltr'><strong><em>ἐποιούμην,</em></strong></span> <span class='ocrx_word' id='word_1_41' title='bbox 1108 1174 1236 1239; x_wconf 77' lang='grc' dir='ltr'><strong><em>τοῦτον</em></strong></span> <span class='ocrx_word' id='word_1_42' title='bbox 1262 1168 1383 1255; x_wconf 79' lang='grc' dir='ltr'><strong><em>ἐπειδὴ</em></strong></span> 
     </span>
     <span class='ocr_line' id='line_1_7' title="bbox 268 1279 1384 1373; baseline -0.002 -19"><span class='ocrx_word' id='word_1_43' title='bbox 268 1288 395 1373; x_wconf 86' lang='grc' dir='ltr'><strong><em>πάσχει</em></strong></span> <span class='ocrx_word' id='word_1_44' title='bbox 420 1288 539 1367; x_wconf 79' lang='grc' dir='ltr'><strong><em>κακῶς</em></strong></span> <span class='ocrx_word' id='word_1_45' title='bbox 563 1291 812 1373; x_wconf 89' lang='grc' dir='ltr'><strong><em>ἐγκαταλιπεῖν.</em></strong></span> <span class='ocrx_word' id='word_1_46' title='bbox 862 1292 893 1355; x_wconf 84' lang='grc'><strong><em>3.</em></strong></span> <span class='ocrx_word' id='word_1_47' title='bbox 929 1279 1033 1357; x_wconf 68' lang='grc' dir='ltr'><strong><em>Οὕτω</em></strong></span> <span class='ocrx_word' id='word_1_48' title='bbox 1057 1279 1220 1371; x_wconf 76' lang='grc' dir='ltr'><strong><em>δ’έχοντα</em></strong></span> <span class='ocrx_word' id='word_1_49' title='bbox 1243 1286 1384 1371; x_wconf 80' lang='grc' dir='ltr'><strong><em>γναῐμης</em></strong></span> 
     </span>
     <span class='ocr_line' id='line_1_8' title="bbox 268 1396 1383 1494; baseline -0.001 -24"><span class='ocrx_word' id='word_1_50' title='bbox 268 1409 402 1494; x_wconf 90' lang='grc' dir='ltr'><strong><em>πρέποι</em></strong></span> <span class='ocrx_word' id='word_1_51' title='bbox 437 1406 499 1490; x_wconf 88' lang='grc' dir='ltr'><strong><em>μέν</em></strong></span> <span class='ocrx_word' id='word_1_52' title='bbox 532 1396 578 1472; x_wconf 80' lang='grc' dir='ltr'><strong><em>’ἃν</em></strong></span> <span class='ocrx_word' id='word_1_53' title='bbox 614 1413 673 1472; x_wconf 85' lang='grc' dir='ltr'><strong><em>καὶ</em></strong></span> <span class='ocrx_word' id='word_1_54' title='bbox 709 1406 947 1489; x_wconf 70' lang='grc' dir='ltr'><strong><em>συνεύχεσθαι</em></strong></span> <span class='ocrx_word' id='word_1_55' title='bbox 990 1403 1182 1494; x_wconf 80' lang='grc' dir='ltr'><strong><em>Σωκράτει,</em></strong></span> <span class='ocrx_word' id='word_1_56' title='bbox 1217 1402 1383 1481; x_wconf 79' lang='grc' dir='ltr'><strong><em>καὶτοὺς</em></strong></span> 
     </span>
     <span class='ocr_line' id='line_1_9' title="bbox 270 1519 1380 1605; baseline 0 -18"><span class='ocrx_word' id='word_1_57' title='bbox 270 1519 393 1601; x_wconf 76' lang='grc' dir='ltr'><strong><em>θεοές,</em></strong></span> <span class='ocrx_word' id='word_1_58' title='bbox 430 1525 468 1588; x_wconf 87' lang='grc' dir='ltr'><strong><em>οἳ</em></strong></span> <span class='ocrx_word' id='word_1_59' title='bbox 499 1523 663 1589; x_wconf 89' lang='grc' dir='ltr'><strong><em>κάλλιστα</em></strong></span> <span class='ocrx_word' id='word_1_60' title='bbox 700 1520 763 1589; x_wconf 81' lang='grc' dir='ltr'><strong><em>τόν</em></strong></span> <span class='ocrx_word' id='word_1_61' title='bbox 800 1523 904 1590; x_wconf 82' lang='grc' dir='ltr'><strong><em>τοῦδε</em></strong></span> <span class='ocrx_word' id='word_1_62' title='bbox 928 1527 1006 1605; x_wconf 78' lang='grc' dir='ltr'><strong><em>βίον</em></strong></span> <span class='ocrx_word' id='word_1_63' title='bbox 1030 1523 1242 1598; x_wconf 88' lang='grc' dir='ltr'><strong><em>ἐπίστανται,</em></strong></span> <span class='ocrx_word' id='word_1_64' title='bbox 1265 1525 1380 1587; x_wconf 81' lang='grc' dir='ltr'><strong><em>καλεῖν</em></strong></span> 
     </span>
     <span class='ocr_line' id='line_1_10' title="bbox 268 1631 1383 1725; baseline 0 -22"><span class='ocrx_word' id='word_1_65' title='bbox 268 1639 326 1703; x_wconf 84' lang='grc' dir='ltr'><strong><em>ἐπὶ</em></strong></span> <span class='ocrx_word' id='word_1_66' title='bbox 349 1635 411 1704; x_wconf 87' lang='grc' dir='ltr'><strong><em>τὸν</em></strong></span> <span class='ocrx_word' id='word_1_67' title='bbox 436 1638 598 1725; x_wconf 87' lang='grc' dir='ltr'><strong><em>παρόντα</em></strong></span> <span class='ocrx_word' id='word_1_68' title='bbox 623 1631 755 1723; x_wconf 76' lang='grc' dir='ltr'><strong><em>ἀγῶνα,</em></strong></span> <span class='ocrx_word' id='word_1_69' title='bbox 781 1644 836 1705; x_wconf 86' lang='grc' dir='ltr'><strong><em>δεῖ</em></strong></span> <span class='ocrx_word' id='word_1_70' title='bbox 857 1631 894 1704; x_wconf 73' lang='grc' dir='ltr'><strong><em>δ’</em></strong></span> <span class='ocrx_word' id='word_1_71' title='bbox 894 1640 979 1715; x_wconf 87' lang='grc' dir='ltr'><strong><em>ἴσως</em></strong></span> <span class='ocrx_word' id='word_1_72' title='bbox 995 1644 1053 1702; x_wconf 85' lang='grc' dir='ltr'><strong><em>καὶ</em></strong></span> <span class='ocrx_word' id='word_1_73' title='bbox 1065 1636 1161 1720; x_wconf 86' lang='grc' dir='ltr'><strong><em>λόγῳ</em></strong></span> <span class='ocrx_word' id='word_1_74' title='bbox 1174 1636 1383 1720; x_wconf 81' lang='grc' dir='ltr'><strong><em>βοηθοῦντα</em></strong></span> 
     </span>
     <span class='ocr_line' id='line_1_11' title="bbox 266 1745 1383 1843; baseline -0.003 -20"><span class='ocrx_word' id='word_1_75' title='bbox 266 1762 468 1840; x_wconf 88' lang='grc' dir='ltr'><strong><em>φαίνεσθαι,</em></strong></span> <span class='ocrx_word' id='word_1_76' title='bbox 505 1763 563 1823; x_wconf 83' lang='grc' dir='ltr'><strong><em>καὶ</em></strong></span> <span class='ocrx_word' id='word_1_77' title='bbox 597 1759 705 1843; x_wconf 80' lang='grc' dir='ltr'><strong><em>μηδὲν</em></strong></span> <span class='ocrx_word' id='word_1_78' title='bbox 743 1748 807 1842; x_wconf 75' lang='grc' dir='ltr'><strong><em>εἶφ’</em></strong></span> <span class='ocrx_word' id='word_1_79' title='bbox 843 1745 896 1822; x_wconf 79' lang='grc' dir='ltr'><strong><em>ὦν</em></strong></span> <span class='ocrx_word' id='word_1_80' title='bbox 933 1747 975 1822; x_wconf 81' lang='grc' dir='ltr'><strong><em>ἃν</em></strong></span> <span class='ocrx_word' id='word_1_81' title='bbox 1013 1754 1149 1840; x_wconf 80' lang='grc' dir='ltr'><strong><em>δόξαιμι</em></strong></span> <span class='ocrx_word' id='word_1_82' title='bbox 1186 1751 1230 1818; x_wconf 79' lang='grc' dir='ltr'><strong><em>τὰ</em></strong></span> <span class='ocrx_word' id='word_1_83' title='bbox 1267 1759 1383 1820; x_wconf 85' lang='grc' dir='ltr'><strong><em>δίκαια</em></strong></span> 
     </span>
     <span class='ocr_line' id='line_1_12' title="bbox 266 1863 1441 1963; baseline -0.003 -24"><span class='ocrx_word' id='word_1_84' title='bbox 266 1885 380 1940; x_wconf 82' lang='grc' dir='ltr'><strong><em>ποιεῖν</em></strong></span> <span class='ocrx_word' id='word_1_85' title='bbox 417 1879 622 1963; x_wconf 79' lang='grc' dir='ltr'><strong><em>παρελθεῖν.</em></strong></span> <span class='ocrx_word' id='word_1_86' title='bbox 670 1876 703 1939; x_wconf 82' lang='grc'><strong><em>4.</em></strong></span> <span class='ocrx_word' id='word_1_87' title='bbox 731 1874 804 1939; x_wconf 82' lang='grc' dir='ltr'><strong><em>Καὶ</em></strong></span> <span class='ocrx_word' id='word_1_88' title='bbox 839 1870 909 1963; x_wconf 82' lang='grc' dir='ltr'><strong><em>γάρ</em></strong></span> <span class='ocrx_word' id='word_1_89' title='bbox 947 1863 990 1938; x_wconf 80' lang='grc' dir='ltr'><strong><em>ἂν</em></strong></span> <span class='ocrx_word' id='word_1_90' title='bbox 1022 1875 1074 1956; x_wconf 86' lang='grc' dir='ltr'><strong><em>εἴη</em></strong></span> <span class='ocrx_word' id='word_1_91' title='bbox 1100 1868 1214 1937; x_wconf 86' lang='grc' dir='ltr'><strong><em>δεινὸν</em></strong></span> <span class='ocrx_word' id='word_1_92' title='bbox 1238 1871 1296 1936; x_wconf 87' lang='grc' dir='ltr'><strong><em>ἐπὶ</em></strong></span> <span class='ocrx_word' id='word_1_93' title='bbox 1319 1871 1381 1955; x_wconf 81' lang='grc' dir='ltr'><strong><em>μὲν</em></strong></span> <span class='ocrx_word' id='word_1_94' title='bbox 1436 1896 1441 1903; x_wconf 85' lang='grc'><em>·</em></span> 
     </span>
     <span class='ocr_line' id='line_1_13' title="bbox 270 1979 1381 2081; baseline -0.004 -24"><span class='ocrx_word' id='word_1_95' title='bbox 270 1991 422 2076; x_wconf 64' lang='grc' dir='ltr'><strong><em>Μελήτῳ</em></strong></span> <span class='ocrx_word' id='word_1_96' title='bbox 454 1998 512 2057; x_wconf 84' lang='grc' dir='ltr'><strong><em>καὶ</em></strong></span> <span class='ocrx_word' id='word_1_97' title='bbox 535 2003 609 2069; x_wconf 90' lang='grc' dir='ltr'><strong><em>ταῖς</em></strong></span> <span class='ocrx_word' id='word_1_98' title='bbox 633 1983 722 2081; x_wconf 80' lang='grc' dir='ltr'><strong><em>παρ’</em></strong></span> <span class='ocrx_word' id='word_1_99' title='bbox 746 1993 882 2057; x_wconf 88' lang='grc' dir='ltr'><strong><em>ἐκείνου</em></strong></span> <span class='ocrx_word' id='word_1_100' title='bbox 906 1995 1099 2078; x_wconf 88' lang='grc' dir='ltr'><strong><em>λοιδορίαις</em></strong></span> <span class='ocrx_word' id='word_1_101' title='bbox 1117 1984 1272 2054; x_wconf 78' lang='grc' dir='ltr'><strong><em>Ἀνυτον</em></strong></span> <span class='ocrx_word' id='word_1_102' title='bbox 1299 1979 1381 2054; x_wconf 82' lang='grc' dir='ltr'><strong><em>άνα-</em></strong></span> 
     </span>
     <span class='ocr_line' id='line_1_14' title="bbox 267 2105 1381 2204; baseline -0.003 -31"><span class='ocrx_word' id='word_1_103' title='bbox 267 2106 371 2204; x_wconf 79' lang='grc' dir='ltr'><strong><em>βῆναι</em></strong></span> <span class='ocrx_word' id='word_1_104' title='bbox 395 2108 500 2191; x_wconf 91' lang='grc' dir='ltr'><strong><em>λόγον</em></strong></span> <span class='ocrx_word' id='word_1_105' title='bbox 525 2106 692 2193; x_wconf 73' lang='grc' dir='ltr'><strong><em>κακοήθη</em></strong></span> <span class='ocrx_word' id='word_1_106' title='bbox 716 2131 753 2174; x_wconf 89' lang='grc' dir='ltr'><strong><em>τε</em></strong></span> <span class='ocrx_word' id='word_1_107' title='bbox 776 2115 834 2173; x_wconf 84' lang='grc' dir='ltr'><strong><em>καὶ</em></strong></span> <span class='ocrx_word' id='word_1_108' title='bbox 846 2105 982 2197; x_wconf 85' lang='grc' dir='ltr'><strong><em>μακρὸν</em></strong></span> <span class='ocrx_word' id='word_1_109' title='bbox 995 2107 1191 2193; x_wconf 75' lang='grc' dir='ltr'><strong><em>κομίζοντα,</em></strong></span> <span class='ocrx_word' id='word_1_110' title='bbox 1203 2115 1262 2176; x_wconf 85' lang='grc' dir='ltr'><strong><em>καὶ</em></strong></span> <span class='ocrx_word' id='word_1_111' title='bbox 1276 2108 1381 2171; x_wconf 72' lang='grc' dir='ltr'><strong><em>πάλιν</em></strong></span> 
     </span>
     <span class='ocr_line' id='line_1_15' title="bbox 266 2212 1381 2308; baseline 0.001 -21"><span class='ocrx_word' id='word_1_112' title='bbox 266 2224 324 2287; x_wconf 91' lang='grc' dir='ltr'><strong><em>ἐπὶ</em></strong></span> <span class='ocrx_word' id='word_1_113' title='bbox 355 2223 473 2307; x_wconf 83' lang='grc' dir='ltr'><strong><em>τοτ’τω</em></strong></span> <span class='ocrx_word' id='word_1_114' title='bbox 505 2223 659 2289; x_wconf 80' lang='grc' dir='ltr'><strong><em>Λάκωνα</em></strong></span> <span class='ocrx_word' id='word_1_115' title='bbox 683 2222 852 2308; x_wconf 83' lang='grc' dir='ltr'><strong><em>μηδεμιᾶς</em></strong></span> <span class='ocrx_word' id='word_1_116' title='bbox 877 2216 1099 2306; x_wconf 81' lang='grc' dir='ltr'><strong><em>ἀποσχέσθαι</em></strong></span> <span class='ocrx_word' id='word_1_117' title='bbox 1123 2229 1256 2308; x_wconf 82' lang='grc' dir='ltr'><strong><em>τέχνης,</em></strong></span> <span class='ocrx_word' id='word_1_118' title='bbox 1280 2212 1381 2299; x_wconf 77' lang='grc' dir='ltr'><strong><em>ὅπως</em></strong></span> 
     </span>
     <span class='ocr_line' id='line_1_16' title="bbox 265 2328 1381 2427; baseline -0.002 -21"><span class='ocrx_word' id='word_1_119' title='bbox 265 2337 313 2417; x_wconf 84' lang='grc' dir='ltr'><strong><em>εἷς</em></strong></span> <span class='ocrx_word' id='word_1_120' title='bbox 348 2330 449 2424; x_wconf 75' lang='grc' dir='ltr'><strong><em>ὐμῶν</em></strong></span> <span class='ocrx_word' id='word_1_121' title='bbox 484 2331 668 2427; x_wconf 80' lang='grc' dir='ltr'><strong><em>άποθάνη,</em></strong></span> <span class='ocrx_word' id='word_1_122' title='bbox 701 2328 793 2424; x_wconf 73' lang='grc' dir='ltr'><strong><em>ἡμᾶς</em></strong></span> <span class='ocrx_word' id='word_1_123' title='bbox 830 2340 878 2418; x_wconf 83' lang='grc' dir='ltr'><strong><em>δέ,</em></strong></span> <span class='ocrx_word' id='word_1_124' title='bbox 916 2330 979 2417; x_wconf 75' lang='grc' dir='ltr'><strong><em>οὓς</em></strong></span> <span class='ocrx_word' id='word_1_125' title='bbox 1010 2345 1132 2406; x_wconf 82' lang='grc' dir='ltr'><strong><em>λυπεῖν</em></strong></span> <span class='ocrx_word' id='word_1_126' title='bbox 1156 2329 1381 2425; x_wconf 69' lang='grc' dir='ltr'><strong><em>ὡμολόγηκεν</em></strong></span> 
     </span>
     <span class='ocr_line' id='line_1_17' title="bbox 259 2446 1524 2545; baseline 0.006 -24"><span class='ocrx_word' id='word_1_127' title='bbox 259 2447 412 2533; x_wconf 77' lang='grc' dir='ltr'><strong><em>’Ἀνυτος</em></strong></span> <span class='ocrx_word' id='word_1_128' title='bbox 448 2466 520 2533; x_wconf 92' lang='grc' dir='ltr'><strong><em>τοῖς</em></strong></span> <span class='ocrx_word' id='word_1_129' title='bbox 556 2453 645 2521; x_wconf 83' lang='grc' dir='ltr'><strong><em>κατὰ</em></strong></span> <span class='ocrx_word' id='word_1_130' title='bbox 684 2455 900 2545; x_wconf 81' lang='grc' dir='ltr'><strong><em>Σωκράτους</em></strong></span> <span class='ocrx_word' id='word_1_131' title='bbox 924 2456 1052 2540; x_wconf 80' lang='grc' dir='ltr'><strong><em>λόγοις,</em></strong></span> <span class='ocrx_word' id='word_1_132' title='bbox 1077 2448 1257 2542; x_wconf 83' lang='grc' dir='ltr'><strong><em>άφωνους,</em></strong></span> <span class='ocrx_word' id='word_1_133' title='bbox 1287 2458 1297 2544; x_wconf 79' lang='lat' dir='ltr'>l</span> <span class='ocrx_word' id='word_1_134' title='bbox 1328 2446 1379 2533; x_wconf 71' lang='lat' dir='ltr'><strong><em>nie</em></strong></span> <span class='ocrx_word' id='word_1_135' title='bbox 1399 2468 1465 2525; x_wconf 82' lang='lat' dir='ltr'><strong>Rsk.</strong></span> <span class='ocrx_word' id='word_1_136' title='bbox 1497 2476 1524 2529; x_wconf 81' lang='lat'><strong><em>2.</em></strong></span> 
     </span>
     <span class='ocr_line' id='line_1_18' title="bbox 267 2565 1377 2663; baseline 0.002 -23"><span class='ocrx_word' id='word_1_137' title='bbox 267 2565 334 2640; x_wconf 66' lang='grc' dir='ltr'><strong><em>οὔκ</em></strong></span> <span class='ocrx_word' id='word_1_138' title='bbox 359 2566 586 2660; x_wconf 85' lang='grc' dir='ltr'><strong><em>άνιωμένους,</em></strong></span> <span class='ocrx_word' id='word_1_139' title='bbox 611 2572 752 2639; x_wconf 77' lang='grc' dir='ltr'><strong><em>ἑστάναι</em></strong></span> <span class='ocrx_word' id='word_1_140' title='bbox 775 2581 834 2640; x_wconf 89' lang='grc' dir='ltr'><strong><em>καὶ</em></strong></span> <span class='ocrx_word' id='word_1_141' title='bbox 857 2578 1023 2657; x_wconf 89' lang='grc' dir='ltr'><strong><em>γενέσθαι</em></strong></span> <span class='ocrx_word' id='word_1_142' title='bbox 1046 2581 1207 2663; x_wconf 86' lang='grc' dir='ltr'><strong><em>χείρονας</em></strong></span> <span class='ocrx_word' id='word_1_143' title='bbox 1230 2574 1377 2659; x_wconf 79' lang='grc' dir='ltr'><strong><em>τῆςτιόν</em></strong></span> 
     </span>
     <span class='ocr_line' id='line_1_19' title="bbox 264 2682 1377 2781; baseline 0 -25"><span class='ocrx_word' id='word_1_144' title='bbox 264 2691 473 2781; x_wconf 90' lang='grc' dir='ltr'><strong><em>κατηγόρων</em></strong></span> <span class='ocrx_word' id='word_1_145' title='bbox 510 2693 661 2770; x_wconf 87' lang='grc' dir='ltr'><strong><em>ἐλπίδος,</em></strong></span> <span class='ocrx_word' id='word_1_146' title='bbox 698 2682 811 2768; x_wconf 85' lang='grc' dir='ltr'><strong><em>άλλως</em></strong></span> <span class='ocrx_word' id='word_1_147' title='bbox 847 2713 884 2756; x_wconf 92' lang='grc' dir='ltr'><strong><em>τε</em></strong></span> <span class='ocrx_word' id='word_1_148' title='bbox 920 2698 978 2756; x_wconf 84' lang='grc' dir='ltr'><strong><em>καὶ</em></strong></span> <span class='ocrx_word' id='word_1_149' title='bbox 1014 2690 1045 2757; x_wconf 81' lang='grc' dir='ltr'><strong><em>εἰ</em></strong></span> <span class='ocrx_word' id='word_1_150' title='bbox 1067 2691 1104 2756; x_wconf 87' lang='grc' dir='ltr'><strong><em>ἐν</em></strong></span> <span class='ocrx_word' id='word_1_151' title='bbox 1127 2690 1180 2774; x_wconf 75' lang='grc' dir='ltr'><strong><em>τῷ</em></strong></span> <span class='ocrx_word' id='word_1_152' title='bbox 1202 2688 1246 2755; x_wconf 81' lang='grc' dir='ltr'><strong><em>τὰ</em></strong></span> <span class='ocrx_word' id='word_1_153' title='bbox 1270 2712 1377 2778; x_wconf 90' lang='grc' dir='ltr'><strong><em>προς-</em></strong></span> 
     </span>
     <span class='ocr_line' id='line_1_20' title="bbox 264 2796 1380 2897; baseline -0.001 -24"><span class='ocrx_word' id='word_1_154' title='bbox 264 2808 397 2875; x_wconf 77' lang='grc' dir='ltr'><strong><em>άκοντα</em></strong></span> <span class='ocrx_word' id='word_1_155' title='bbox 431 2807 477 2895; x_wconf 74' lang='grc' dir='ltr'><strong><em>τῇ</em></strong></span> <span class='ocrx_word' id='word_1_156' title='bbox 512 2813 610 2896; x_wconf 82' lang='grc' dir='ltr'><strong><em>φιλίᾳ</em></strong></span> <span class='ocrx_word' id='word_1_157' title='bbox 647 2807 809 2897; x_wconf 71' lang='grc' dir='ltr'><strong><em>πληροῦν</em></strong></span> <span class='ocrx_word' id='word_1_158' title='bbox 846 2814 904 2872; x_wconf 89' lang='grc' dir='ltr'><strong><em>καὶ</em></strong></span> <span class='ocrx_word' id='word_1_159' title='bbox 940 2805 1025 2885; x_wconf 73' lang='grc' dir='ltr'><strong><em>τούς</em></strong></span> <span class='ocrx_word' id='word_1_160' title='bbox 1065 2806 1266 2885; x_wconf 77' lang='grc' dir='ltr'><strong><em>δικάζοντας</em></strong></span> <span class='ocrx_word' id='word_1_161' title='bbox 1289 2796 1380 2891; x_wconf 75' lang='grc' dir='ltr'><strong><em>ἐμᾶς</em></strong></span> 
     </span>
     <span class='ocr_line' id='line_1_21' title="bbox 264 2911 1378 3012; baseline -0.002 -23"><span class='ocrx_word' id='word_1_162' title='bbox 264 2922 442 3005; x_wconf 78' lang='grc' dir='ltr'><strong><em>ἐξελέσθαι</em></strong></span> <span class='ocrx_word' id='word_1_163' title='bbox 478 2923 540 3008; x_wconf 79' lang='grc' dir='ltr'><strong><em>της</em></strong></span> <span class='ocrx_word' id='word_1_164' title='bbox 578 2924 760 3011; x_wconf 85' lang='grc' dir='ltr'><strong><em>ἐπιορκίας</em></strong></span> <span class='ocrx_word' id='word_1_165' title='bbox 797 2922 938 2988; x_wconf 76' lang='grc' dir='ltr'><strong><em>ἔνεστιν.</em></strong></span> <span class='ocrx_word' id='word_1_166' title='bbox 987 2924 1018 2987; x_wconf 87' lang='grc'><strong><em>5.</em></strong></span> <span class='ocrx_word' id='word_1_167' title='bbox 1051 2911 1098 2990; x_wconf 69' lang='lat'><strong><em>²0</em></strong></span> <span class='ocrx_word' id='word_1_168' title='bbox 1127 2920 1195 3012; x_wconf 78' lang='grc' dir='ltr'><strong><em>γάρ</em></strong></span> <span class='ocrx_word' id='word_1_169' title='bbox 1219 2921 1282 3008; x_wconf 80' lang='grc' dir='ltr'><strong><em>την</em></strong></span> <span class='ocrx_word' id='word_1_170' title='bbox 1306 2923 1378 2988; x_wconf 81' lang='grc' dir='ltr'><strong><em>τῶν</em></strong></span> 
     </span>
     <span class='ocr_line' id='line_1_22' title="bbox 264 3030 1379 3130; baseline -0.001 -24"><span class='ocrx_word' id='word_1_171' title='bbox 264 3040 530 3130; x_wconf 82' lang='grc' dir='ltr'><strong><em>ἐπηρεαζόντων</em></strong></span> <span class='ocrx_word' id='word_1_172' title='bbox 557 3032 696 3124; x_wconf 88' lang='grc' dir='ltr'><strong><em>άπάτην</em></strong></span> <span class='ocrx_word' id='word_1_173' title='bbox 721 3030 787 3105; x_wconf 77' lang='grc' dir='ltr'><strong><em>οὐκ</em></strong></span> <span class='ocrx_word' id='word_1_174' title='bbox 813 3037 881 3104; x_wconf 79' lang='grc' dir='ltr'><strong><em>ἐῶν</em></strong></span> <span class='ocrx_word' id='word_1_175' title='bbox 895 3038 1043 3122; x_wconf 64' lang='grc' dir='ltr'><strong><em>ἰσχῦσαι,</em></strong></span> <span class='ocrx_word' id='word_1_176' title='bbox 1057 3040 1215 3124; x_wconf 82' lang='grc' dir='ltr'><strong><em>φύλακας</em></strong></span> <span class='ocrx_word' id='word_1_177' title='bbox 1228 3031 1379 3127; x_wconf 77' lang='grc' dir='ltr'><strong><em>ἀκριβεῖς</em></strong></span> 
     </span>
     <span class='ocr_line' id='line_1_23' title="bbox 264 3142 1379 3243; baseline -0.003 -21"><span class='ocrx_word' id='word_1_178' title='bbox 264 3168 361 3223; x_wconf 89' lang='grc' dir='ltr'><strong><em>ποιεῖ</em></strong></span> <span class='ocrx_word' id='word_1_179' title='bbox 398 3154 482 3234; x_wconf 73' lang='grc' dir='ltr'><strong><em>τοῦς</em></strong></span> <span class='ocrx_word' id='word_1_180' title='bbox 524 3153 786 3241; x_wconf 78' lang='grc' dir='ltr'><strong><em>ψηφιζομένους</em></strong></span> <span class='ocrx_word' id='word_1_181' title='bbox 829 3153 902 3220; x_wconf 78' lang='grc' dir='ltr'><strong><em>τῶν</em></strong></span> <span class='ocrx_word' id='word_1_182' title='bbox 947 3142 1078 3243; x_wconf 81' lang='grc' dir='ltr'><strong><em>ὅρκων,</em></strong></span> <span class='ocrx_word' id='word_1_183' title='bbox 1122 3143 1208 3219; x_wconf 76' lang='grc' dir='ltr'><strong><em>ὥστ’</em></strong></span> <span class='ocrx_word' id='word_1_184' title='bbox 1243 3145 1289 3220; x_wconf 77' lang='grc' dir='ltr'><strong><em>οὗ</em></strong></span> <span class='ocrx_word' id='word_1_185' title='bbox 1326 3154 1379 3239; x_wconf 79' lang='grc' dir='ltr'><strong><em>τῷ</em></strong></span> 
     </span>
    </p>
   </div>
   <div class='ocr_carea' id='block_1_3' title="bbox 262 3352 1377 3937">
    <p class='ocr_par' dir='ltr' id='par_1_3' title="bbox 303 3352 1377 3430">
     <span class='ocr_line' id='line_1_24' title="bbox 303 3352 1377 3430; baseline -0.007 -9"><span class='ocrx_word' id='word_1_186' title='bbox 303 3363 329 3415; x_wconf 80' lang='lat'><strong><em>2·</em></strong></span> <span class='ocrx_word' id='word_1_187' title='bbox 350 3363 394 3425; x_wconf 72' lang='lat' dir='ltr'><strong><em>biv,</em></strong></span> <span class='ocrx_word' id='word_1_188' title='bbox 405 3357 526 3414; x_wconf 85' lang='lat' dir='ltr'>inseruit</span> <span class='ocrx_word' id='word_1_189' title='bbox 536 3354 638 3413; x_wconf 66' lang='grc' dir='ltr'><strong><em>(ἐπεὰν.</em></strong></span> <span class='ocrx_word' id='word_1_190' title='bbox 670 3360 902 3430; x_wconf 79' lang='grc' dir='ltr'><strong><em>ἐγκαταλιπεῖν,</em></strong></span> <span class='ocrx_word' id='word_1_191' title='bbox 914 3352 1028 3428; x_wconf 81' lang='lat' dir='ltr'>p-U.V.,</span> <span class='ocrx_word' id='word_1_192' title='bbox 1057 3359 1305 3427; x_wconf 73' lang='grc' dir='ltr'><strong><em>ἐγκαταλείπειν,</em></strong></span> <span class='ocrx_word' id='word_1_193' title='bbox 1316 3356 1377 3413; x_wconf 82' lang='lat' dir='ltr'>rell.</span> 
     </span>
    </p>

    <p class='ocr_par' dir='ltr' id='par_1_4' title="bbox 262 3451 1376 3629">
     <span class='ocr_line' id='line_1_25' title="bbox 303 3451 1376 3534; baseline -0.007 -13"><span class='ocrx_word' id='word_1_194' title='bbox 303 3463 329 3516; x_wconf 83' lang='lat'><strong><em>3·</em></strong></span> <span class='ocrx_word' id='word_1_195' title='bbox 351 3466 453 3534; x_wconf 69' lang='grc' dir='ltr'><strong><em>πρέπει</em></strong></span> <span class='ocrx_word' id='word_1_196' title='bbox 486 3470 538 3529; x_wconf 80' lang='grc' dir='ltr'><strong><em>μὲν</em></strong></span> <span class='ocrx_word' id='word_1_197' title='bbox 570 3463 629 3522; x_wconf 76' lang='grc' dir='ltr'><strong><em>καί,</em></strong></span> <span class='ocrx_word' id='word_1_198' title='bbox 659 3473 710 3530; x_wconf 83' lang='grc' dir='ltr'><strong><em>Ρ.’</em></strong></span> <span class='ocrx_word' id='word_1_199' title='bbox 746 3460 863 3521; x_wconf 81' lang='grc' dir='ltr'><strong><em>καλεῖν,</em></strong></span> <span class='ocrx_word' id='word_1_200' title='bbox 884 3451 984 3520; x_wconf 60' lang='lat' dir='ltr'>codd„</span> <span class='ocrx_word' id='word_1_201' title='bbox 1011 3462 1199 3523; x_wconf 71' lang='grc' dir='ltr'><strong><em>παρακαλεῖν</em></strong></span> <span class='ocrx_word' id='word_1_202' title='bbox 1226 3453 1322 3511; x_wconf 72' lang='lat' dir='ltr'>malim</span> <span class='ocrx_word' id='word_1_203' title='bbox 1341 3454 1376 3514; x_wconf 83' lang='lat' dir='ltr'><strong><em>cf.</em></strong></span> 
     </span>
     <span class='ocr_line' id='line_1_26' title="bbox 262 3551 990 3629; baseline -0.012 -15"><span class='ocrx_word' id='word_1_204' title='bbox 262 3557 363 3614; x_wconf 81' lang='lat' dir='ltr'>Aeseh.</span> <span class='ocrx_word' id='word_1_205' title='bbox 384 3557 420 3612; x_wconf 89' lang='lat' dir='ltr'><strong><em>de</em></strong></span> <span class='ocrx_word' id='word_1_206' title='bbox 439 3554 458 3613; x_wconf 88' lang='lat' dir='ltr'><strong><em>f.</em></strong></span> <span class='ocrx_word' id='word_1_207' title='bbox 478 3554 498 3612; x_wconf 89' lang='lat' dir='ltr'><strong><em>l.</em></strong></span> <span class='ocrx_word' id='word_1_208' title='bbox 518 3556 530 3629; x_wconf 58' lang='grc' dir='ltr'><strong>ᾗ</strong></span> <span class='ocrx_word' id='word_1_209' title='bbox 552 3556 616 3622; x_wconf 85' lang='grc'><strong><em>180,</em></strong></span> <span class='ocrx_word' id='word_1_210' title='bbox 637 3551 719 3608; x_wconf 87' lang='lat' dir='ltr'>Dem.</span> <span class='ocrx_word' id='word_1_211' title='bbox 738 3570 789 3626; x_wconf 92' lang='lat' dir='ltr'><strong><em>pro</em></strong></span> <span class='ocrx_word' id='word_1_212' title='bbox 809 3551 942 3623; x_wconf 63' lang='lat' dir='ltr'>cotonei</span> <span class='ocrx_word' id='word_1_213' title='bbox 965 3552 990 3605; x_wconf 85' lang='lat'><strong><em>8.</em></strong></span> 
     </span>
    </p>

    <p class='ocr_par' dir='ltr' id='par_1_5' title="bbox 262 3649 1376 3832">
     <span class='ocr_line' id='line_1_27' title="bbox 300 3649 1376 3734; baseline -0.01 -13"><span class='ocrx_word' id='word_1_214' title='bbox 300 3664 326 3717; x_wconf 82' lang='lat'><strong><em>4.</em></strong></span> <span class='ocrx_word' id='word_1_215' title='bbox 347 3665 446 3734; x_wconf 71' lang='grc' dir='ltr'><strong><em>μικιλν</em></strong></span> <span class='ocrx_word' id='word_1_216' title='bbox 479 3661 649 3733; x_wconf 74' lang='grc' dir='ltr'><strong><em>κομίζοντα,</em></strong></span> <span class='ocrx_word' id='word_1_217' title='bbox 680 3653 716 3711; x_wconf 86' lang='lat' dir='ltr'><strong><em>U·</em></strong></span> <span class='ocrx_word' id='word_1_218' title='bbox 748 3651 782 3709; x_wconf 83' lang='lat' dir='ltr'><strong><em>V·</em></strong></span> <span class='ocrx_word' id='word_1_219' title='bbox 842 3658 1007 3723; x_wconf 68' lang='grc' dir='ltr'><strong><em>ἀ’λλωςοτε</em></strong></span> <span class='ocrx_word' id='word_1_220' title='bbox 1038 3650 1079 3722; x_wconf 82' lang='grc' dir='ltr'><strong><em>ἐν,</em></strong></span> <span class='ocrx_word' id='word_1_221' title='bbox 1110 3649 1192 3708; x_wconf 82' lang='lat' dir='ltr'><strong>codd.</strong></span> <span class='ocrx_word' id='word_1_222' title='bbox 1213 3649 1249 3709; x_wconf 89' lang='lat' dir='ltr'><strong><em>In</em></strong></span> <span class='ocrx_word' id='word_1_223' title='bbox 1268 3657 1376 3710; x_wconf 72' lang='lat' dir='ltr'>textum</span> 
     </span>
     <span class='ocr_line' id='line_1_28' title="bbox 262 3752 705 3832; baseline -0.014 -16"><span class='ocrx_word' id='word_1_224' title='bbox 262 3758 373 3815; x_wconf 78' lang='lat' dir='ltr'>Gasdae</span> <span class='ocrx_word' id='word_1_225' title='bbox 393 3760 583 3832; x_wconf 77' lang='lat' dir='ltr'>conjecturem</span> <span class='ocrx_word' id='word_1_226' title='bbox 602 3752 705 3829; x_wconf 83' lang='lat' dir='ltr'>recepi.</span> 
     </span>
    </p>

    <p class='ocr_par' dir='ltr' id='par_1_6' title="bbox 300 3852 693 3937">
     <span class='ocr_line' id='line_1_29' title="bbox 300 3852 693 3937; baseline -0.023 -18"><span class='ocrx_word' id='word_1_227' title='bbox 300 3862 328 3918; x_wconf 86' lang='lat'><strong><em>5.</em></strong></span> <span class='ocrx_word' id='word_1_228' title='bbox 350 3861 480 3934; x_wconf 70' lang='grc' dir='ltr'><strong><em>ιἰνάγκην</em></strong></span> <span class='ocrx_word' id='word_1_229' title='bbox 503 3858 552 3918; x_wconf 75' lang='grc' dir='ltr'><strong><em>οὐκ</em></strong></span> <span class='ocrx_word' id='word_1_230' title='bbox 574 3852 638 3921; x_wconf 76' lang='grc' dir='ltr'><strong><em>ε’ῶν,</em></strong></span> <span class='ocrx_word' id='word_1_231' title='bbox 658 3871 693 3937; x_wconf 86' lang='lat' dir='ltr'><strong><em>¹p.</em></strong></span> 
     </span>
    </p>
   </div>
   <div class='ocr_carea' id='block_1_4' title="bbox 260 4020 1375 4407">
    <p class='ocr_par' dir='ltr' id='par_1_7' title="bbox 260 4020 1375 4407">
     <span class='ocr_line' id='line_1_30' title="bbox 298 4020 1375 4099; baseline -0.002 -17"><span class='ocrx_word' id='word_1_232' title='bbox 298 4030 325 4083; x_wconf 86' lang='lat'><strong><em>4.</em></strong></span> <span class='ocrx_word' id='word_1_233' title='bbox 357 4030 460 4097; x_wconf 67' lang='grc' dir='ltr'><strong><em>ἄλλως</em></strong></span> <span class='ocrx_word' id='word_1_234' title='bbox 493 4051 525 4086; x_wconf 81' lang='grc' dir='ltr'><strong><em>τε</em></strong></span> <span class='ocrx_word' id='word_1_235' title='bbox 558 4034 607 4085; x_wconf 70' lang='grc' dir='ltr'><strong><em>καὶ</em></strong></span> <span class='ocrx_word' id='word_1_236' title='bbox 636 4028 671 4085; x_wconf 79' lang='grc' dir='ltr'><strong><em>ελ.</em></strong></span> <span class='ocrx_word' id='word_1_237' title='bbox 704 4022 814 4080; x_wconf 84' lang='lat' dir='ltr'>Gasdae</span> <span class='ocrx_word' id='word_1_238' title='bbox 842 4020 1041 4096; x_wconf 81' lang='lat' dir='ltr'><strong>suspicionem,</strong></span> <span class='ocrx_word' id='word_1_239' title='bbox 1067 4043 1123 4099; x_wconf 80' lang='lat' dir='ltr'><strong><em>que</em></strong></span> <span class='ocrx_word' id='word_1_240' title='bbox 1141 4028 1234 4081; x_wconf 80' lang='lat' dir='ltr'>textus</span> <span class='ocrx_word' id='word_1_241' title='bbox 1253 4024 1375 4081; x_wconf 80' lang='lat' dir='ltr'>intactus</span> 
     </span>
     <span class='ocr_line' id='line_1_31' title="bbox 260 4122 1373 4204; baseline 0 -20"><span class='ocrx_word' id='word_1_242' title='bbox 260 4146 347 4204; x_wconf 79' lang='lat' dir='ltr'>paene</span> <span class='ocrx_word' id='word_1_243' title='bbox 376 4130 479 4195; x_wconf 85' lang='lat' dir='ltr'>manet,</span> <span class='ocrx_word' id='word_1_244' title='bbox 516 4125 640 4201; x_wconf 81' lang='lat' dir='ltr'>recipere</span> <span class='ocrx_word' id='word_1_245' title='bbox 670 4144 727 4182; x_wconf 89' lang='lat' dir='ltr'><strong><em>non</em></strong></span> <span class='ocrx_word' id='word_1_246' title='bbox 757 4122 893 4193; x_wconf 80' lang='lat' dir='ltr'>dubitavi,</span> <span class='ocrx_word' id='word_1_247' title='bbox 931 4128 1027 4181; x_wconf 79' lang='lat' dir='ltr'>eontra</span> <span class='ocrx_word' id='word_1_248' title='bbox 1054 4123 1177 4186; x_wconf 83' lang='lat' dir='ltr'>Jacobsii</span> <span class='ocrx_word' id='word_1_249' title='bbox 1206 4125 1373 4197; x_wconf 81' lang='lat' dir='ltr'>emendatio,</span> 
     </span>
     <span class='ocr_line' id='line_1_32' title="bbox 261 4224 1374 4302; baseline -0.006 -13"><span class='ocrx_word' id='word_1_250' title='bbox 261 4234 365 4291; x_wconf 66' lang='grc' dir='ltr'><strong><em>ἄλλων</em></strong></span> <span class='ocrx_word' id='word_1_251' title='bbox 397 4254 432 4288; x_wconf 82' lang='grc' dir='ltr'><strong><em>τε</em></strong></span> <span class='ocrx_word' id='word_1_252' title='bbox 462 4231 496 4296; x_wconf 76' lang='grc' dir='ltr'><strong><em>ελ,</em></strong></span> <span class='ocrx_word' id='word_1_253' title='bbox 526 4226 597 4283; x_wconf 90' lang='lat' dir='ltr'>mihi</span> <span class='ocrx_word' id='word_1_254' title='bbox 616 4225 749 4302; x_wconf 71' lang='lat' dir='ltr'>displicet</span> <span class='ocrx_word' id='word_1_255' title='bbox 768 4224 966 4295; x_wconf 83' lang='lat' dir='ltr'>consideranti,</span> <span class='ocrx_word' id='word_1_256' title='bbox 987 4244 1071 4302; x_wconf 85' lang='lat' dir='ltr'>quam</span> <span class='ocrx_word' id='word_1_257' title='bbox 1091 4225 1172 4283; x_wconf 82' lang='lat' dir='ltr'>facile</span> <span class='ocrx_word' id='word_1_258' title='bbox 1193 4236 1244 4288; x_wconf 75' lang='grc' dir='ltr'><strong><em>καί</em></strong></span> <span class='ocrx_word' id='word_1_259' title='bbox 1263 4226 1374 4288; x_wconf 81' lang='lat' dir='ltr'>excidat</span> 
     </span>
     <span class='ocr_line' id='line_1_33' title="bbox 261 4324 1272 4407; baseline 0.005 -25"><span class='ocrx_word' id='word_1_260' title='bbox 261 4333 290 4385; x_wconf 84' lang='lat' dir='ltr'><strong><em>et</em></strong></span> <span class='ocrx_word' id='word_1_261' title='bbox 308 4347 393 4407; x_wconf 81' lang='lat' dir='ltr'><strong>quam</strong></span> <span class='ocrx_word' id='word_1_262' title='bbox 412 4346 515 4406; x_wconf 82' lang='lat' dir='ltr'><strong>paucos</strong></span> <span class='ocrx_word' id='word_1_263' title='bbox 534 4326 611 4387; x_wconf 77' lang='lat' dir='ltr'><strong>locos</strong></span> <span class='ocrx_word' id='word_1_264' title='bbox 630 4324 776 4385; x_wconf 83' lang='lat' dir='ltr'>Jacobsius</span> <span class='ocrx_word' id='word_1_265' title='bbox 796 4326 900 4397; x_wconf 79' lang='lat' dir='ltr'>efferat,</span> <span class='ocrx_word' id='word_1_266' title='bbox 920 4324 1123 4387; x_wconf 71' lang='lat' dir='ltr'>aelectionem</span> <span class='ocrx_word' id='word_1_267' title='bbox 1142 4324 1272 4387; x_wconf 71' lang='lat' dir='ltr'>stabiliat.</span> 
     </span>
    </p>
   </div>
   <div class='ocr_carea' id='block_1_5' title="bbox 0 0 1584 5167">
    <p class='ocr_par' dir='ltr' id='par_1_8' title="bbox 0 0 1584 5167">
     <span class='ocr_line' id='line_1_34' title="bbox 0 0 1584 5167; baseline 0 4"><span class='ocrx_word' id='word_1_268' title='bbox 0 0 1584 5167; x_wconf 95' lang='lat' dir='ltr'><strong><em> </em></strong></span> 
     </span>
    </p>
   </div>
  </div>
 </body>
</html>
