3159 5167
807 479 826 540 2

254 694 353 759 morti
377 691 604 776 anteponebat‚
629 690 826 773 minimeque
850 686 980 752 volebat
1001 685 1144 750 lacrimis
1163 683 1375 767 precibusque

254 813 395 875 vestram
419 806 672 873 misericordiam
697 804 848 881 excitare,
874 802 992 886 quibus
1016 800 1143 884 saepius
1168 799 1215 863 rei
1239 819 1375 882 poenam

255 926 414 1012 effugiunt
439 922 476 1011 1),
514 923 616 1007 Anyti
654 922 822 987 audaciam
859 922 1052 1003 redarguere
1087 938 1215 982 neccsse
1251 914 1374 1000 putavi.

218 1047 221 1051 ’
254 1040 428 1107 Enimvero
462 1038 621 1123 siquidem
643 1038 700 1101 ille
724 1057 908 1101 sermonum
931 1034 1109 1099 forensium
1133 1032 1257 1117 peritus
1281 1035 1375 1108 esset,

181 1176 184 1181 ’
255 1156 346 1225 vobis
380 1156 518 1221 forsitan
555 1154 685 1218 fecisset
709 1153 787 1217 satis
812 1174 851 1216 ex
876 1172 912 1215 eo
936 1150 1072 1214 crimina
1096 1170 1296 1235 cognoscere,
1321 1148 1376 1212 sed

222 1323 225 1328 .
257 1293 366 1336 coram
390 1270 482 1335 vobis
508 1270 618 1334 eodem
642 1270 748 1345 modo,
762 1290 826 1351 quo
839 1266 872 1331 in
887 1266 1033 1344 officinis,
1046 1266 1175 1331 locutus
1188 1269 1248 1341 est,
1262 1263 1376 1328 solvit-

257 1407 319 1470 que
342 1384 463 1461 crimen
486 1404 519 1448 se
544 1406 611 1449 esse
636 1380 751 1449 decada>
775 1387 884 1465 λέγειν
909 1379 946 1467 2).
981 1380 1105 1446 Revera
1129 1379 1268 1463 Anytus,
1294 1400 1376 1443 vana

257 1522 312 1583 spe
337 1499 476 1576 delusus,
502 1521 535 1563 se
561 1522 579 1562 a
603 1499 695 1564 vobis
719 1499 970 1583 impetraturum
995 1500 1114 1581 sperat,
1150 1500 1188 1562 ut
1212 1495 1376 1560 Socratem

257 1614 426 1690 damnetis,
450 1616 505 1679 sed
530 1618 567 1678 ut
593 1612 690 1678 Solon
714 1614 787 1699 lege
811 1614 1032 1698 praescripsit,
1057 1635 1159 1697 neque
1183 1613 1254 1677 odio
1275 1633 1378 1695 neque

257 1730 382 1817 gratiae
417 1729 639 1815 indulgebitis,
672 1751 736 1794 non
770 1730 855 1795 enim
891 1730 955 1794 huc
978 1730 1124 1808 venistis,
1150 1731 1187 1792 ut
1210 1726 1378 1793 inimicum

258 1846 505 1925 ulcisceremini,
540 1847 643 1933 amico
678 1829 819 1933 gratiam
855 1846 1040 1910 redderetis.
1074 1831 1237 1910 'Socrates
1269 1848 1377 1909 autem

259 1967 378 2047 putans
415 1963 557 2027 animum
593 1962 736 2029 omnium
761 1984 869 2025 rerum
893 1961 1109 2026 humanarum
1133 1961 1272 2026 maxime
1295 1961 1378 2025 divi·

259 2103 337 2145 num
375 2101 443 2143 esse
468 2075 505 2165 3),
544 2081 575 2143 et
612 2100 695 2156 eum,
733 2079 788 2162 qui
827 2078 913 2142 hunc
938 2078 1068 2143 avitiis
1092 2101 1208 2162 purum
1232 2078 1376 2157 haberet,
1468 2077 1471 2082 ’

130 2224 134 2233 Ι
257 2194 395 2259 feliciter
430 2193 547 2270 vivere,
581 2194 748 2276 voluptate
772 2214 809 2257 ac
833 2193 963 2257 luxuria
986 2192 1188 2277 postpositis,
1214 2197 1319 2258 totum
1343 2214 1377 2257 se

258 2309 483 2397 philosophiae
508 2308 615 2385 studio
640 2308 737 2387 dedit,
763 2310 803 2373 ad
821 2331 920 2393 eaque
933 2309 1085 2387 attendit,
1098 2310 1216 2395 quibus
1233 2310 1377 2375 animum

258 2426 423 2492 meliorem
450 2426 580 2490 reddere
604 2429 722 2510 posset.
748 2425 818 2491 Nec
840 2427 945 2511 igitur
967 2427 1045 2491 solis
1065 2431 1098 2491 et
1121 2427 1216 2493 lunae
1240 2432 1273 2492 et
1296 2427 1377 2491 coeli

210 2532 212 2536 ὗ
260 2545 409 2606 naturam
433 2545 654 2627 perscrutatus
679 2546 727 2606 est
751 2540 790 2628 4),
825 2565 923 2626 quum
947 2545 1042 2608 modo
1066 2544 1147 2608 seire
1167 2544 1276 2624 vellet,
1301 2544 1378 2629 quid

255 2659 384 2742 justum
408 2662 501 2735 esset,
527 2680 622 2743 quem
647 2658 810 2743 appellare
834 2658 953 2723 fortem
979 2664 1141 2742 oporteret
1166 2657 1203 2746 ⁵).
1225 2726 1228 2731 ,
1253 2660 1377 2736 Quibus

258 2774 292 2837 in
328 2774 443 2838 studiis
479 2796 537 2858 per
574 2776 677 2838 totam
712 2774 814 2839 vitam
845 2775 1071 2859 perseveravit,
1096 2797 1154 2840 nec
1178 2797 1212 2840 se
1236 2798 1376 2861 unquam

258 2890 358 2954 ullius
383 2890 545 2954 doctrinae
569 2890 763 2975 magistrum
787 2890 950 2973 professus
975 2895 1023 2955 est
1037 2889 1076 2975 ⁶),
1089 2914 1193 2976 neque
1207 2896 1377 2977 argentum

259 3008 367 3092 exegit
391 3004 428 3091 7),
464 3007 540 3072 licet
577 3007 741 3092 octoginta
765 2995 893 3084 minas,
930 3030 1009 3091 quas
1040 3008 1221 3074 hereditate
1245 3033 1264 3074 a
1287 3014 1377 3094 patre

259 3125 433 3205 acceperat,
459 3120 580 3187 amicus
605 3121 736 3205 quidam
760 3122 962 3205 perdidisset.
997 3122 1161 3198 Quantum
1185 3124 1287 3210 igitur
1311 3125 1377 3190 dis-

259 3238 403 3303 criminis
439 3238 503 3303 fuit
539 3238 623 3302 inter
647 3238 830 3317 Prodicum,
855 3238 1078 3325 Protagoram,
1105 3239 1271 3326 Gorgiam,
1296 3265 1377 3328 quos

258 3355 412 3439 pecuniae
447 3377 538 3419 amor
562 3355 601 3419 ad
636 3376 746 3419 omnes
782 3354 878 3419 urbes
904 3356 1058 3421 trahebat
1082 3354 1119 3442 8),
1146 3360 1178 3422 et
1202 3356 1376 3437 Socratem,

298 3598 319 3669 1)
338 3576 415 3653 Plau
430 3596 514 3672 Apol.
536 3598 582 3653 34.
603 3596 633 3664 o,
655 3598 702 3652 aa.
722 3594 758 3653 1).
780 3594 851 3652 xen.
873 3594 960 3653 Mem.
980 3594 1032 3654 IV.
1052 3599 1079 3665 4,
1100 3600 1118 3653 4
1138 3576 1167 3655 et
1186 3596 1236 3654 IV.
1252 3598 1376 3675 Μῦες.

297 3694 410 3769 ²)P1at.
430 3694 514 3770 Apol.
536 3696 581 3755 17.
601 3694 634 3751 B.
932 3714 935 3718 ·

297 3796 318 3867 ³)
337 3792 407 3851 Plu.
429 3793 512 3870 Apol.
535 3797 580 3850 as.
602 3792 633 3849 o,

188 3884 195 3893 ’
296 3898 318 3967 ⁴)
338 3894 408 3951 Plu.
429 3894 512 3970 Apol.
535 3897 580 3954 ao.
601 3893 634 3951 B.

297 3994 320 4066 ⁵)
341 3993 412 4051 Xan.
433 3992 521 4050 Mem.
543 3993 567 4049 l.
590 3996 615 4061 l,
637 3994 767 4061 10-193
789 3992 813 4048 Ι.
836 3995 861 4060 2,
883 3994 967 4048 3-8.

294 4095 317 4171 ὅ)
339 4096 408 4153 Plat.
428 4095 512 4171 Apol.
535 4097 579 4151 33.
600 4094 632 4150 B.
653 4093 724 4152 ch.
746 4092 833 4151 Mem.
854 4093 880 4150 Ι.
901 4096 926 4162 2,
949 4097 975 4151 3.

295 4192 318 4267 ⁷)
339 4193 407 4251 Plnt.
429 4193 512 4269 Apol.
534 4196 579 4251 19.
600 4192 635 4251 D.

290 4298 313 4369 8)
333 4295 401 4353 nat.
423 4295 513 4373 Apol.
536 4298 581 4352 ro.
603 4295 635 4365 u,
656 4298 701 4351 ao.
723 4294 757 4350 a
