3159 5167
804 503 845 570 77

254 710 446 795 ἐσχήκατε,
475 715 637 777 Φανεῖται
660 717 780 777 τοίνυν
804 701 871 777 κᾶν
887 723 959 790 τοῖς
973 719 1147 803 δευτέροις
1159 714 1377 805 κυβερνήτου

267 834 490 917 προπετείας,
527 819 594 912 οῦχ
630 826 760 894 ἐαυτοῦ
795 835 926 907 κακίας,
964 817 1136 914 ῦποσχών
1173 837 1283 916 δίκην,
1318 840 1376 897 καῖ

266 934 358 1021 ὅλως
395 943 467 1010 τιῦν
491 945 554 1028 μέν
578 942 647 1024 ἔξω
672 942 907 1034 κεκρατηκιιὶς,
931 949 1118 1028 βασκανίας
1142 948 1180 1014 δέ
1203 947 1265 1032 τῆς
1289 941 1376 1037 παρ’

265 1049 365 1146 ῦμιῦν
402 1051 580 1148 ἡττηθεὶς,
605 1047 699 1127 πολῦ
725 1062 764 1129 δὲ
786 1061 859 1127 τῶν
884 1063 1101 1146 ἐκβαλόντων
1126 1056 1232 1142 αῦτὸς
1256 1085 1374 1155 χρησι-

264 1176 424 1267 μιότερος
446 1177 492 1264 τῇ
516 1177 628 1243 πόλει.
665 1179 740 1242 154.
770 1185 840 1244 Καὶ
862 1179 974 1245 ταῦτα
999 1179 1149 1265 διῆλθον
1174 1172 1241 1246 οῦκ
1263 1172 1374 1247 Ἀλκι-

263 1294 390 1378 βιάδου
425 1301 483 1360 καὶ
524 1294 739 1383 Σωκράτους
779 1296 883 1385 χάριν
906 1296 1036 1381 μᾶλλον
1061 1287 1085 1382 ἢ
1109 1285 1209 1381 ῦμιιῖν
1233 1298 1375 1382 καὶτῆς

264 1398 442 1500 ὑμετέρας,
467 1401 499 1474 ιιῖ
522 1402 722 1494 Ἀθηναῖοι,
749 1411 863 1497 δόξης.
896 1416 956 1480 Δεῖ
974 1411 1043 1503 γάρ
1068 1403 1158 1498 ῦμάς
1182 1405 1249 1479 οῦκ
1263 1405 1379 1497 άσεβεῖ

265 1525 475 1610 διηλλάχθαι
513 1531 639 1604 δοκεῖν,
678 1518 762 1590 άλλά
797 1524 860 1593 τόν
891 1519 996 1594 οῦδὲν
1019 1520 1209 1613 ἠδικηκότα
1233 1537 1374 1596 καταδε·

264 1646 401 1724 δέχθαιο
440 1639 517 1707 155.
545 1631 626 1708 Ἵνα
651 1641 689 1708 δέ
712 1631 797 1707 ὅσον
822 1649 976 1732 περίεστι
1000 1645 1054 1728 τῷ
1076 1652 1155 1712 νυνὶ
1178 1653 1374 1735 κρινομένῳ

227 1757 334 1824 οτιιῖν
368 1763 512 1824 δικαίων
537 1750 585 1824 ἐτ’
610 1751 751 1842 ἄμεινον
775 1760 927 1844 μάθητε,
955 1761 1044 1827 ἐστω
1067 1763 1129 1846 μὲν
1153 1754 1374 1846 Ἀλκιβιάδης

261 1876 370 1960 μηδὲν
397 1881 549 1963 Κριτίου
573 1878 728 1968 βελτίων,
753 1874 843 1939 ἔστω
870 1876 907 1940 δέ
936 1877 1129 1964 Σωκράτης
1154 1878 1373 1957 διδάσκαλος,
1432 1888 1434 1891 ’

261 1983 281 2058 ό
306 1992 470 2077 μηδαμοῦ
501 1992 609 2076 μηδέν
645 1990 788 2057 τοιοῦτο
813 1981 1069 2078 ὑποσχόμενος,
1094 1992 1309 2074 ἐξεταζέσθω
1336 1999 1373 2064 δέ

261 2101 348 2198 παρ’
385 2096 497 2194 ῦμῶν,
534 2107 564 2174 εἰ
597 2107 662 2194 τῆς
685 2107 758 2173 τῶν
783 2100 850 2173 οῦκ
875 2108 1122 2194 ἐθελησάντων
1147 2100 1171 2195 ἢ
1194 2113 1243 2195 μη
1270 2119 1372 2196 δυνη-

262 2232 400 2293 θέντων
424 2248 463 2309 γε
487 2230 615 2309 μαθεῖν
640 2232 761 2300 κακίας
785 2214 806 2289 ό
834 2224 970 2306 διδάξαι
994 2249 1033 2310 γε
1056 2231 1245 2312 βουληθεὶς
1263 2216 1371 2296 ῦπεῦ-

259 2347 384 2419 θυνος.
419 2340 463 2406 Εἰ
482 2337 551 2429 γάρ
575 2329 596 2404 ό
620 2339 682 2423 μὲν
707 2339 820 2422 ἔλεγεν
845 2331 867 2405 ὃ
891 2339 1057 2407 ποιοῦσιν
1082 2332 1124 2408 ἃν
1149 2344 1369 2430 συνήνεγκεν,

259 2461 293 2524 οῖ
317 2450 352 2523 δ
365 2450 410 2524 οῦ
434 2467 621 2547 προςεῖχον
645 2453 708 2522 τόν
733 2456 833 2536 νοῦν,
858 2456 987 2547 ἐτέρων
1002 2450 1120 2537 αὐτοῖς
1137 2451 1369 2550 άρεσκόντων,

257 2581 294 2638 τί
315 2579 369 2640 δεῖ
393 2572 590 2662 Σωκράτην
616 2563 690 2637 άντ’
715 2575 857 2638 ἐκείνων
881 2586 1003 2657 μισεῖν,
1028 2566 1151 2666 ὥσπερ
1177 2566 1219 2642 ὃν
1244 2581 1303 2665 (εἴ)
1316 2604 1368 2658 τις

262 2686 432 2777 γεωργὸν,
456 2688 564 2773 μηδὲν
590 2687 839 2776 παραλιπόντα
862 2687 935 2755 τῶν
960 2698 1043 2780 περὶ
1066 2689 1131 2759 τῦν
1155 2691 1222 2777 γῆν
1235 2694 1370 2774 πόνων,

257 2798 341 2871 άλλά
374 2812 431 2871 καὶ
467 2812 564 2894 χερσὶ
588 2811 646 2870 καὶ
671 2804 807 2871 σκεῦεσι
832 2813 889 2870 καὶ
913 2810 1015 2888 βουσὶ
1038 2816 1096 2873 καὶ
1121 2814 1294 2899 σπέρμασι
1317 2813 1370 2896 τῷ

154 2915 156 2918 ’
258 2928 340 3012 περὶ
378 2920 488 2987 ταῦτα
513 2921 611 3005 νόμῳ
637 2921 870 3009 χρησάμενον,
896 2922 1016 2988 ἔπειτα
1038 2916 1122 3009 μηδ’
1136 2914 1258 2991 ὁτιοῦν
1282 2921 1370 3018 παρ’

255 3033 364 3125 αὐτῆς
408 3047 666 3124 κεκομισμένον,
708 3031 776 3105 οῦκ
813 3032 924 3124 οῦσης
961 3033 1113 3127 άγαθῆς,
1155 3046 1265 3110 αἴτιον
1301 3046 1367 3113 τοῦ

254 3156 451 3242 συμβάντος
486 3145 621 3241 ἡγοῖτο,
660 3147 758 3241 άλλῬ
812 3155 950 3240 ἕτοιμον
987 3149 1087 3241 αὐτῷ
1115 3166 1173 3225 καὶ
1198 3169 1280 3250 περὶ
1304 3164 1367 3248 τῆς
1387 3171 1454 3230 Rsk.
1467 3178 1511 3232 50.

254 3263 367 3340 αὐτοῦ
393 3271 581 3352 διεξελθεῖν
604 3278 727 3357 τέχνης
748 3278 806 3336 καὶ
820 3271 926 3352 δεῖξαι
940 3271 1006 3355 την
1018 3273 1095 3360 γῆν.
1123 3277 1199 3340 156.
1214 3264 1365 3366 Ὀρῶμεν

256 3391 293 3457 δέ
328 3380 395 3455 κᾶν
431 3401 506 3466 ταῖς
545 3381 662 3466 άλλαις
697 3395 832 3472 τέχναις
867 3387 953 3467 τοῦς
987 3390 1049 3474 μέν
1082 3392 1278 3481 παριόντας
1301 3395 1363 3464 τὸν

253 3505 464 3572 διδάσκαλον
487 3503 572 3582 τοῦς
598 3506 636 3572 δὲ
659 3503 752 3594 πρὸς
777 3508 853 3572 ἴσον
877 3508 1100 3595 ἐρχομένους,
1123 3506 1186 3574 τὸν
1212 3502 1246 3575 δ
1270 3512 1363 3580 ἐλατ-

290 3747 353 3801 153.
375 3745 443 3818 παρ’
465 3748 543 3816 ὑμῖν,
563 3762 590 3818 Ρ.
610 3739 649 3801 U.
670 3742 714 3812 V„
736 3747 804 3820 παρ’
829 3751 917 3820 ὑμῶν,
936 3744 972 3801 Α.

289 3846 352 3900 154.
374 3849 473 3918 χάριν,
492 3862 520 3918 p.
532 3861 597 3902 ,non
607 3843 698 3900 habet.
759 3847 919 3921 Σελέχθαι,
933 3843 1026 3913 codd„
1039 3850 1362 3925 καταδεδέχθιιιβολ).

248 3939 401 4016 proposuit.
787 4000 789 4005 s

287 4040 350 4096 155.
373 4039 439 4114 παρ’
462 4043 537 4113 ὑμῶν
568 4045 616 4100 καλ
649 4047 710 4110 τῆς,
742 4057 780 4114 Ρ,
811 4043 836 4101 εἰ
865 4047 928 4111 τῆς,
947 4041 1009 4099 rell.
1068 4052 1102 4113 ε’ί,
1133 4043 1227 4103 Gasda
1246 4047 1360 4108 τίθου.

246 4136 432 4194 inseruerunt·
492 4145 570 4210 περὶ
600 4146 652 4208 τῆς
672 4145 726 4214 γῆς
747 4157 798 4214 Pl'0
820 4141 887 4208 παρ’
910 4143 1012 4213 αὐτῆς,
1032 4163 1060 4219 Ρ.
1119 4154 1210 4209 τοῦτο
1232 4154 1361 4225 συμβάν·

250 4265 309 4310 τις,
330 4258 367 4314 Ρ,
390 4245 443 4300 τοῦ
465 4243 562 4314 σνμβ,
582 4237 626 4307 Β,
648 4245 754 4302 τοῦτον
777 4249 831 4303 τοῦ
852 4247 951 4318 συμβι,
972 4242 1073 4305 Gasda„

288 4337 350 4398 156·
371 4333 506 4408 ἐλάττω,
527 4335 563 4394 U·
584 4336 628 4408 V„
649 4341 793 4411 ἐλαττοῖ,
814 4340 850 4401 Α.
