3159 5167
816 447 861 513 63

284 660 481 750 εἰργάσθαι.
510 656 554 724 Εἰ
577 657 614 723 σε’
637 654 723 735 τούς
746 657 810 741 μέν
834 657 964 741 λόγους
988 649 1089 740 αἰτῶ
1100 653 1272 742 φὴςεῖναι
1285 674 1395 738 πονη·

285 781 383 873 ροές,
421 771 505 848 oid&=
541 777 610 868 γὰρ
646 777 755 845 τοῦτο
793 779 973 856 σἐικνόεις,
1006 788 1081 855 τοῖς
1118 768 1298 864 σ”έργοις
1329 765 1397 841 οόκ

285 899 372 983 ’έχεις
415 898 579 981 ἐγκαλεῖν,
620 893 671 972 οἷς
709 887 843 980 ἀνάγκη
881 893 925 960 τὰ
961 899 1153 980 βεβιωμένα
1191 890 1397 977 θαυμάζειν,

284 1015 433 1090 τούτοις,
481 1004 503 1078 ἃ
538 1009 624 1089 τούς
668 1011 797 1095 λόγους
843 1011 936 1100 αι’τιᾷ
974 1011 1223 1097 συκοφαντῶν,
1261 1011 1397 1093 ἐλέγχει.

289 1133 363 1196 122.
395 1127 463 1196 Τὸν
500 1125 714 1195 ἐπαινοῦντα
749 1133 911 1216 λῃστείαν
935 1118 959 1215 ἢ
984 1136 1141 1213 μοιχείαν
1166 1120 1235 1210 οάχ
1259 1115 1398 1216 ἐρῶμεν

286 1241 504 1334 άπεχόμενον
547 1246 619 1311 τῶν
665 1237 859 1334 άλλοτρίων
902 1246 1070 1331 [γάμων],
1109 1237 1196 1311 άλλα
1233 1242 1296 1310 τὸν
1337 1243 1399 1327 μέν

287 1364 521 1431 ιίιακόπτοντα
546 1360 738 1445 συζυγίας,’
756 1361 820 1428 τόν
846 1363 884 1428 σε’
908 1369 1050 1446 τοίχους
1076 1362 1318 1452 σιοράττοντα,
1342 1367 1400 1426 καὶ

286 1471 377 1557 ὅλως
402 1481 437 1545 ἐν
458 1489 530 1556 τοῖς
553 1478 730 1556 τοιούτοις
743 1470 1017 1544 ἀκολουθοῦντα
1029 1477 1073 1543 τὰ
1087 1478 1174 1568 ἔργα
1186 1489 1259 1555 τοῖς
1273 1477 1400 1560 λόγοις·
1431 1479 1436 1486 ’

286 1596 317 1663 εἰ
352 1602 391 1662 όέ
411 1619 463 1673 τις
499 1587 555 1679 ἐφ’
581 1586 603 1660 ἃ
626 1593 710 1672 τούς
737 1588 864 1674 ἄλλους
889 1588 984 1681 άγειν
1010 1588 1107 1676 άξιοῖ
1126 1596 1266 1662 τούτων
1291 1583 1400 1661 αὖτόυ

287 1702 336 1790 ῶς
360 1709 585 1800 πορρωτάτω
609 1712 786 1796 φυλάττει,
811 1710 877 1798 τήν
902 1715 939 1778 ἐκ
963 1713 1035 1777 τῶν
1059 1712 1175 1796 λόγων
1198 1694 1402 1798 συμβουλὴν

286 1829 331 1916 τῇ
355 1827 455 1918 παρὰ
478 1828 551 1895 τῶν
577 1828 692 1917 ἔργων
716 1806 847 1906 λέλυκε,
871 1829 925 1912 τῶ
948 1829 1010 1914 μέν
1029 1821 1275 1918 ἀσθενεστέρῳ
1287 1851 1402 1918 παρα-

287 1943 445 2023 καλέσας,
483 1944 534 2029 τῷ
565 1953 738 2033 κρείττονι
764 1939 799 2012 ό
825 1938 1044 2035 ι’ποτρέψας.
1084 1948 1161 2011 123.
1192 1945 1276 2013 Οἴου
1300 1948 1404 2022 εἴτις

287 2062 483 2128 ἐπισισάναι
506 2061 560 2144 τῶ
586 2062 688 2147 δήμῳ
712 2062 876 2151 χρήματα
900 2061 1088 2152 παραινῶν
1113 2053 1221 2139 αότός
1245 2068 1402 2146 φείσαιτο

287 2179 359 2245 τῶν
384 2167 507 2256 αὐτοῦ,
531 2177 707 2244 κεκιάλυκε
732 2175 798 2264 τὴν
822 2181 994 2256 ἐπίσοσιν,
1020 2176 1072 2255 οἷς
1093 2178 1260 2268 περὶτῶν
1273 2178 1403 2245 ἑαυτοῦ

183 2303 185 2310 ’
288 2295 523 2377 βεβοάλευται·
560 2293 591 2360 εἰ
614 2300 654 2360 όέ
674 2319 727 2373 τις
751 2297 788 2362 ἐν
820 2295 915 2383 μάχῃ
948 2302 1184 2385 προςπίπτειν
1208 2308 1281 2374 τοῖς
1305 2298 1400 2362 ἐναν-

287 2418 373 2491 τίοις
409 2413 561 2479 κελεύων
587 2415 644 2480 ἐπὶ
668 2425 741 2491 τοῖς
765 2414 883 2498 λόγοις
906 2415 1048 2491 τούτοις
1071 2420 1181 2481 λείπει
1204 2413 1268 2498 τὴν
1292 2413 1401 2494 τάξιν,

289 2529 422 2606 πάντας
458 2530 601 2614 ἐποίησε
626 2527 773 2608 σἐιλούς,
799 2530 894 2619 ’έργῳ
919 2531 1081 2616 φοβήσας
1105 2532 1236 2615 μᾶλλον
1261 2521 1284 2607 ἢ
1310 2536 1401 2619 θαρ-

289 2645 395 2722 σ’άνας
419 2645 590 2729 τῷλόγῳ.
618 2652 687 2712 Καὶ
711 2637 804 2724 ὅλως
829 2649 865 2712 ἐν
888 2658 961 2724 τοῖς
985 2647 1162 2725 τοιούτοις
1185 2642 1404 2731 σόμβουΙλος
1424 2662 1491 2720 Rsk.
1504 2667 1549 2719 39.

290 2759 446 2836 πιθανός
472 2751 492 2827 ὁ
518 2760 666 2854 πρῶτος
691 2763 763 2829 τῶν
789 2763 967 2852 πράξεων,
993 2753 1045 2830 ῶν
1070 2764 1214 2847 ἔχεσθαι
1239 2765 1404 2848 συνεβού-

289 2882 420 2956 λευσεν,
446 2867 655 2964 ἁπτόμενος.
683 2881 759 2944 124.
791 2880 835 2946 Εἰ
856 2888 977 2948 τοίνυν
1008 2883 1201 2971 Σωκράτης
1226 2885 1403 2972 ἐπιορκεῖν

289 3003 347 3061 καὶ
370 3001 528 3063 κλέπτειν
553 3004 610 3063 καὶ
634 2997 818 3081 βιάζεσθαι
841 3006 899 3066 καὶ
922 2991 1035 3077 τᾶλλ’,
1065 2989 1087 3064 ά
1111 3017 1219 3084 φησιν
1239 2993 1405 3078 Ἄνυτος,

291 3116 479 3192 ἐσίιίασκεν,
508 3103 617 3181 αὐτὸν
654 3107 820 3182 τάναντία
855 3114 1045 3194 πεπεικῶς,
1079 3116 1254 3183 αι’όεῑσθαι
1280 3115 1403 3196 θεοὺς,

291 3231 479 3320 χρημάτων
504 3243 751 3321 καταφρονεῖν,
772 3238 914 3321 μέτριον
939 3233 1037 3308 εἶναι,
1059 3232 1242 3322 σῶφρονα,
1256 3233 1403 3318 ἐπιεικῆ,

290 3347 424 3424 παίζειν
450 3338 492 3413 ἂν
516 3347 614 3428 ἔόοξε
638 3359 710 3425 τοῖς
734 3348 863 3432 λόγοις,
889 3339 935 3413 οὖ
956 3346 1119 3425 τοιοῦτος
1132 3349 1190 3414 ἐπὶ
1203 3348 1275 3414 τῶν
1289 3349 1404 3436 έργων

292 3464 523 3548 σεικνέμενος,
560 3471 618 3530 καὶ
652 3461 740 3529 καλὰ
775 3462 925 3548 νομίζειν
962 3451 1013 3540 ῶς
1050 3453 1197 3546 άληθῶς
1221 3455 1288 3546 οὐχ
1312 3454 1404 3554 άπερ

291 3577 450 3663 ἔφασκεν,
478 3572 550 3645 άλλ’
575 3573 630 3665 ἐφ’
655 3578 708 3658 οἷς
730 3582 891 3663 ἐφαίνετο
918 3579 999 3656 ζῶν,
1024 3569 1114 3644 ῶστε
1138 3580 1269 3662 μᾶλλον
1282 3572 1404 3664 άμελά-

251 3707 253 3714 ’
291 3715 417 3775 σαντας
452 3696 524 3763 τῶν
544 3698 678 3782 ,λόγων
703 3700 815 3764 ἐκεῖνα
840 3697 1017 3783 ζηλῶσειν.
1059 3696 1133 3760 125.
1154 3688 1246 3763 Οόόέ
1268 3686 1336 3783 γάρ
1361 3687 1403 3762 ἃν

329 3886 393 3942 121.
414 3883 543 3961 ἐλέγχει
564 3905 615 3961 pro
635 3883 757 3959 ἐλέγχῃ
778 3881 887 3958 scripsi.

330 3984 393 4039 122.
416 3994 527 4058 γάμων,
546 3983 662 4042 induxit
681 3981 777 4040 Reisk.

330 4082 395 4138 123.
417 4087 533 4155 δειλούς
554 4083 627 4143 Nab.
648 4101 700 4158 pro
720 4085 855 4150 ἐνάλιος.
914 4075 1076 4151 θρασύνας,
1097 4076 1140 4142 Β,
1160 4072 1321 4149 θαρσύνοι,
1342 4075 1404 4133 rell.

331 4181 395 4238 124.
417 4181 634 4254 ἀμελήσαντες,
655 4178 746 4248 codd„
768 4182 981 4253 ἀμελήσαντας
1002 4174 1089 4233 edidi.
1151 4176 1299 4257 ζηλῶσειν,
1319 4172 1350 4230 in
1370 4174 1404 4240 R.

292 4281 427 4340 omissum
447 4285 499 4340 est.
