3159 5167
787 492 829 558 81

253 701 330 766 165.
362 691 437 787 Ούγ
460 691 553 792 ὑπὲρ
578 703 778 793 ἐγκρατείας
803 701 897 792 πρὸς
920 695 1161 792 Ἀρίστιππον
1175 708 1366 783 διείλεκται,
1447 724 1454 735 ’

250 821 392 886 πείθων
416 815 463 904 μὴ
490 816 672 886 δουλεύειν
695 818 740 907 τῇ
753 826 882 909 γαστρί
888 844 897 898 ;
927 811 979 887 06
993 817 1368 912 Λαμπροκλεῖμητρός

252 923 449 1017 ἅμελοῦντι,
486 933 664 1002 διδάσκων
700 925 803 1017 τζλίκα
839 942 926 1026 χρέα
967 935 1129 1024 γονεῦσιν
1164 929 1366 1024 ὅφείλομενς

257 1052 299 1113 Τί
332 1047 473 1116 κάλλιον
510 1038 563 1115 ὧν
600 1038 694 1139 ύιιέρ
720 1050 917 1136 διαλλαγῶν
941 1049 1036 1142 πρὸς
1065 1053 1286 1144 Χαιρεκρύτη
1310 1060 1368 1120 καὶ

250 1160 312 1229 τόν
338 1155 493 1248 ἀδελφὸν
518 1163 726 1250 διεξῆλθεν;
756 1171 801 1232 Τί
819 1169 955 1250 βέλτιον
980 1155 1032 1233 ὥν
1049 1174 1132 1257 περὶ
1149 1173 1262 1252 φίλων
1275 1166 1368 1259 πρὸς

250 1271 500 1367 Ἀντισθένην;
538 1274 644 1348 Ἀλλὰ
680 1280 748 1368 μην
792 1282 986 1350 Γλαύκωνα
1010 1283 1072 1350 τόν
1097 1274 1129 1349 τ’
1152 1275 1367 1374 Ἀρίστωνος

250 1397 395 1466 καὶτὸν
425 1399 636 1479 Γλαύκωνος
667 1405 851 1490 Χαρμίδην
874 1397 938 1467 τὸν
962 1400 1024 1486 μὲν
1050 1403 1233 1490 ἐπεγείρας
1259 1407 1367 1487 δημη-

252 1527 370 1606 γορεῖν
386 1509 636 1584 ύκνούντατόν
659 1509 693 1583 δ’
703 1514 859 1601 ἐπισχών
881 1509 987 1583 ούπω
1006 1517 1201 1602 δυνάμενον
1219 1509 1367 1603 ύφελεὶν

177 1607 190 1622 ’
252 1631 288 1713 ἐξ
325 1625 535 1724 ἀμφοτέρων
573 1624 702 1702 εὔνουν
739 1639 887 1718 πολίτην
923 1633 1063 1715 ἔδειξεν.
1101 1626 1261 1702 Ἤκουσε
1299 1636 1366 1721 (δι’)

251 1756 308 1818 καὶ
342 1749 514 1841 Περικλῆς
547 1740 567 1817 ὁ
595 1756 807 1841 Περικλέους
829 1750 903 1818 τῶν
927 1751 987 1817 ἐπὶ
1010 1757 1222 1841 στρατηγίας
1247 1774 1364 1843 οταρα-

252 1867 458 1934 καλούντων
481 1867 610 1954 λόγων.
639 1869 714 1934 166.
744 1873 814 1934 Καὶ
836 1875 874 1933 τί
895 1873 949 1935 δεῖ
964 1859 1051 1934 καθ’
1065 1866 1212 1936 ἕκαστον
1225 1867 1367 1959 ε’ξαριθ·

250 1995 345 2069 μεῖν;
386 1984 430 2050 Εἰ
463 1982 533 2074 γὰρ
569 1990 708 2071 θέλοιμι
740 1991 881 2052 καλέσαι
913 1983 999 2062 τούς
1022 1991 1106 2075 περὶ
1131 1985 1367 2071 δικαιοσύνης,

251 2098 337 2180 τούς
361 2108 443 2190 περὶ
467 2102 716 2192 σωφροσύνης,
740 2099 826 2179 τούς
850 2088 945 2192 nimio
972 2093 1145 2192 ἀνδρείας,
1169 2099 1253 2181 τούς
1273 2091 1367 2193 ύιιὲρ

251 2217 465 2305 πρᾳότητος,
490 2216 576 2296 τούς
599 2225 683 2309 περὶ
702 2217 870 2304 μαντικῆς
884 2226 942 2285 καὶ
953 2217 1027 2285 τῶν
1041 2209 1156 2285 ἄλλων
1170 2208 1366 2305 ἇκηκοότας

289 2381 352 2438 165.
374 2389 574 2457 Λαμπροκλεῖ
600 2399 651 2457 pro
684 2380 878 2457 Ἀριστοκλεῖ
906 2380 1015 2457 scripsi.
1074 2387 1173 2452 ἡλίκοι,
1192 2401 1230 2457 Ρ..
1252 2383 1309 2448 οἷα,
1330 2383 1366 2440 Α.

252 2484 293 2548 δέ,
314 2479 387 2538 Nab.
407 2478 536 2538 inseruit.
561 2509 562 2514 ¹
582 2478 632 2542 ἐπὶ
653 2487 839 2558 στρατηγίαν
859 2498 910 2556 pro
930 2477 980 2542 ἕτλ
1001 2487 1197 2555 στρατηγίας,
1215 2480 1252 2538 A.

288 2629 352 2686 165.
374 2635 581 2705 Λαμπροκλεῖ.
610 2625 676 2685 Non
703 2626 832 2684 dubitavi
862 2635 1063 2704 Λαμπροκλεῖ
1089 2646 1142 2704 pro
1170 2630 1367 2703 Ἀριστοκλεῖ

249 2726 279 2784 in
312 2733 392 2786 textu
424 2727 555 2795 scrihere,
586 2732 615 2785 et
641 2726 737 2797 miror,
768 2727 1011 2804 quodhneusque
1030 2727 1149 2798 nemini,
1170 2734 1307 2806 qnontnm
1326 2729 1380 2786 vi·'

249 2827 311 2897 deo,
340 2847 445 2886 nomen
472 2826 618 2904 proprium
649 2829 848 2903 Ἀριστοκλῆς
875 2826 1040 2903 scrupulum
1069 2826 1177 2902 injecit.
1214 2827 1258 2886 De
1297 2832 1366 2886 tem·

248 2928 374 3004 perantia
403 2927 528 2985 Socrates
553 2945 617 2983 oum
637 2924 784 3002 Aristippo
804 2925 931 3001 loquitur
950 2925 1026 3002 opud
1046 2925 1175 3003 Xenoph
1195 2927 1227 2983 in
1246 2927 1366 2987 Memor.
1428 2971 1432 2977 1

249 3026 288 3085 II.
319 3029 352 3099 13
384 3026 420 3084 de
457 3025 577 3084 fraterna
614 3025 764 3084 eoncordia
793 3025 821 3083 ei
851 3043 942 3083 sermo
979 3031 1022 3082 est
1053 3045 1118 3084 oum
1153 3026 1366 3102 Chaerephonte

249 3133 277 3186 et
305 3126 485 3185 Ohoereorote
513 3126 545 3184 in
574 3126 661 3185 Mem.
692 3125 732 3183 ΙΙ.
763 3129 790 3197 3;
822 3125 858 3182 de
887 3125 1041 3183 liberorum
1060 3125 1092 3184 in
1111 3130 1241 3202 parentes
1260 3125 1365 3203 pietate

247 3248 312 3286 oum
332 3228 504 3305 Lamproole‚
524 3227 641 3285 minime
660 3246 726 3284 enm
745 3225 896 3295 Aristocle,
915 3225 946 3283 in
967 3224 1054 3282 Mem.
1074 3225 1115 3283 ΙΙ.
1137 3229 1163 3282 2.
1196 3224 1231 3282 of.
1252 3243 1365 3303 quoque

248 3329 332 3405 Diog.
363 3328 453 3386 Laert.
484 3327 527 3386 ΙΙ.
556 3330 601 3387 12.
634 3331 772 3405 ἐνέτρεψε
804 3329 835 3388 δὲ
866 3334 916 3389 καὶ
946 3332 1153 3401 Λαμπροκλέα
1175 3332 1225 3388 ‘tto
1246 3332 1306 3388 νίλν
1329 3337 1364 3401 τῇ

249 3437 335 3504 μητρὶ
367 3432 594 3506 ἀγριαινόμενον,
625 3432 660 3498 λίς
691 3453 746 3488 τον
777 3433 827 3488 καλ
854 3431 985 3502 Ξενοφῶν
1006 3432 1126 3501 ε’ίρνιιεν.
1167 3422 1261 3482 Quam
1281 3444 1363 3502 saepe

248 3527 362 3584 nomino
390 3526 504 3603 proprio
531 3545 546 3583 a
565 3525 689 3583 librariis
707 3524 837 3583 mutilato
855 3543 887 3582 oo
907 3523 1058 3600 depravato
1077 3518 1142 3588 sint,
1163 3524 1294 3581 omnihus
1315 3545 1364 3582 no-

247 3631 308 3685 tum
328 3632 378 3696 est,
398 3626 478 3684 lubet
497 3632 591 3682 tamen
609 3624 641 3682 id
661 3623 773 3681 duobus
793 3623 873 3692 loeis,
893 3622 1021 3680 nondum
1032 3621 1195 3692 emendatis,
1208 3622 1364 3684 ostendere.

249 3726 377 3785 Alterum
405 3724 526 3800 legimus
555 3723 586 3780 in
616 3724 672 3782 vol.
702 3722 753 3782 IV.
784 3743 814 3800 p.
836 3725 901 3780 818.
922 3726 968 3792 24,
1001 3721 1053 3780 nbi
1072 3722 1277 3780 Demosthenes
1296 3723 1365 3781 haee
1438 3793 1440 3795 μ

248 3824 329 3885 dioit:
361 3824 455 3882 Incidi
483 3825 514 3881 in
551 3842 682 3893 errorem,
713 3821 763 3900 qui
793 3821 982 3880 Athenienses
1011 3821 1048 3880 od
1078 3822 1226 3899 pristinam
1245 3821 1365 3898 gloriam

248 3925 382 3984 reducere
412 3923 559 3982 voluerim.
599 3922 693 3980 Multo
723 3921 893 3999 prudentius
923 3921 1051 3997 egissem,
1083 3922 1108 3980 si
1128 3934 1181 3994 τὴν
1202 3929 1363 4001 προαίρεσιν

248 4030 457 4103 sesumam<
487 4031 538 4096 καὶ
561 4018 794 4094 Καλλισθένους
815 4028 928 4080 seoutns
948 4041 1046 4080 essem.
1079 4022 1132 4080 Pro
1153 4032 1202 4085 καὶ
1226 4035 1364 4086 Καλλιο-

248 4134 351 4198 θένσνς
371 4124 552 4183 scribendum
572 4130 615 4182 est
634 4131 684 4186 καλ
705 4118 892 4194 Λασθένους.
912 4123 994 4181 Alter
1012 4124 1092 4182 loeus
1110 4123 1142 4181 in
1155 4123 1255 4182 eodem
1265 4130 1364 4202 quarto

248 4223 392 4282 volumine
417 4223 523 4299 legitur
541 4242 570 4299 p.
592 4225 657 4281 365.
678 4223 723 4292 17,
743 4219 795 4278 nbi
815 4225 1006 4300 *Εστιίλνρος
1026 4242 1078 4299 pro
1101 4222 1365 4300 Αλοιίλιιριςιοιίὶ-

248 4323 385 4387 tuendum
405 4341 465 4381 esse
485 4327 634 4404 apparete
654 4319 820 4402 Thucydide
840 4323 866 4380 2.
888 4323 933 4384 70.

1205 4425 1225 4491 6
