3159 5167
781 454 801 517 3

231 682 326 745 quem
363 662 529 727 consulere
565 663 680 747 cuique
715 663 845 743 licebat,
879 666 934 749 qui
958 665 1086 743 cotidie,
1112 671 1149 731 ut
1172 670 1351 734 communis

231 776 373 843 omnium
409 783 513 863 pater,
545 780 679 865 juvenes
717 780 752 844 in
788 780 860 846 foro
896 786 930 846 et
964 767 1135 867 palaestris
1171 783 1350 851 officiorum

230 893 429 960 admonebat.
478 894 571 975 Hanc
594 896 635 961 ob
660 918 789 961 causam
813 901 921 982 patres
944 896 1064 963 liberos
1089 900 1118 964 ei
1133 900 1350 967 instituendos

230 1009 445 1074 libentissime
470 1005 590 1075 dabant
615 1014 648 1085 et
671 1011 775 1096 Anyti
799 1012 903 1096 ipsius
927 1013 986 1077 filii
1001 1012 1128 1080 Socrati
1144 1017 1349 1083 accedebant.

231 1122 337 1199 Quum
373 1128 481 1190 tamen
516 1127 555 1190 de
592 1148 629 1190 ea
664 1132 734 1191 arte
770 1128 891 1211 optime
927 1151 1037 1195 omnes
1073 1137 1215 1211 narrent,
1252 1155 1349 1218 quam

230 1240 364 1323 quisque
402 1243 558 1317 exerceat,
595 1238 742 1305 Socrates
779 1263 851 1306 cum
884 1243 1024 1330 singulis
1047 1245 1127 1311 viris
1151 1247 1191 1311 de
1213 1247 1350 1333 singulis

231 1356 356 1421 artibus
382 1357 471 1441 loqui
497 1357 631 1436 solebat,
669 1381 732 1443 qua
756 1380 792 1423 re
815 1358 944 1444 Anytus
968 1360 1072 1425 iratus
1096 1362 1181 1426 hanc
1203 1363 1296 1427 litem
1321 1364 1349 1427 ei

136 1527 138 1531 .
229 1472 380 1537 intendit.
429 1462 631 1557 Priusquam
649 1477 757 1538 autem
783 1472 948 1540 Socratem
973 1475 1008 1554 in
1030 1476 1187 1559 judicium
1211 1479 1348 1558 vocavit,

215 1588 417 1670 pactionem·
447 1589 552 1653 facere
588 1592 720 1654 conatus
760 1594 820 1669 est,
858 1614 895 1656 ea
919 1591 1113 1669 conditione,
1138 1614 1178 1657 ne
1203 1592 1349 1659 Socrates

230 1728 372 1791 unquam
407 1706 509 1789 Anyti
533 1710 635 1772 artem
659 1707 766 1790 palam
793 1713 997 1787 memoraret,
1022 1713 1196 1773 utcontra
1221 1708 1348 1793 Anytus

229 1824 464 1891 accusationem
498 1823 630 1889 missam
666 1825 796 1896 faceret.
845 1823 937 1901 Quod
973 1847 1073 1910 quum
1107 1826 1165 1890 ille
1189 1832 1347 1912 negasset,

230 1938 395 2016 Meletum,
432 1942 469 2002 ut
505 1961 576 2003 eum
613 1951 787 2019 accusaret,
825 1940 979 2025 corrupit.
1030 1938 1095 2007 Our
1131 1946 1239 2007 autem
1264 1966 1349 2009 nuno

229 2056 357 2119 demum
381 2053 414 2119 id
438 2054 539 2119 fecit?
579 2054 667 2120 Num
692 2054 839 2121 Socrates
862 2057 899 2121 in
923 2059 1035 2122 domus
1060 2058 1188 2144 angulis
1212 2059 1348 2124 latitans

230 2174 262 2235 et
295 2170 402 2255 januis
440 2171 556 2235 clausis
589 2148 722 2256 juvenes
755 2174 889 2238 docuit?
905 2170 930 2256 1)
969 2172 1019 2237 Tu
1042 2172 1113 2257 ipse
1137 2197 1209 2239 eum
1234 2176 1348 2241 ambu-

229 2290 350 2353 lantem
375 2292 407 2353 et
430 2288 641 2354 disserentem
667 2290 786 2354 audisti
811 2313 848 2356 ae
871 2292 993 2357 vidisti.
1044 2290 1102 2357 Dic
1126 2292 1230 2386 igitur
1252 2294 1347 2359 nobis

230 2405 392 2473 tarditatis
416 2406 514 2489 hujus
535 2426 675 2481 eausam,
699 2429 797 2492 quam
820 2412 905 2473 certe
924 2410 1047 2474 nullam
1065 2410 1174 2475 habes.
1200 2410 1348 2476 Primum
1406 2465 1410 2470 .

230 2520 362 2601 crimen,
388 2523 429 2587 ab
454 2524 693 2589 accusatoribus
718 2521 845 2589 Socrati
870 2525 1044 2609 objectum,
1069 2527 1129 2591 hoo
1144 2530 1210 2591 est:
1234 2528 1347 2611 populi

230 2658 365 2723 regnum
400 2639 469 2704 odit
505 2644 537 2705 et
569 2639 734 2705 civitatem
757 2644 895 2725 tyranno
920 2643 1046 2707 tradere
1069 2644 1204 2708 mavult.
1246 2643 1281 2709 Si
1306 2645 1346 2709 ab

229 2754 288 2819 illc
312 2756 462 2841 discipuli
486 2757 578 2844 regni
602 2761 787 2843 contemptu
810 2759 929 2824 imbuti
953 2765 1059 2825 essent
1083 2765 1116 2825 et
1131 2761 1239 2845 legum
1252 2784 1345 2845 prae-

230 2877 321 2957 cepte
345 2873 436 2958 parvi
460 2874 629 2939 aestimare
653 2875 851 2954 didicissent,
888 2898 945 2941 our
969 2898 1022 2941 eos
1046 2877 1082 2941 in
1101 2876 1257 2961 judicium
1281 2899 1347 2942 non

229 2989 375 3054 vocasti?
411 2990 542 3056 Etenim
578 3013 664 3056 nune
699 2997 804 3057 morte
840 2992 990 3078 magistri
1027 2993 1208 3058 exacerbati
1244 2993 1348 3058 multo

229 3106 429 3172 molestiores
452 3106 544 3173 nobis
570 3112 673 3173 erunt.
702 3106 737 3173 Si
761 3109 801 3200 is,
827 3108 883 3192 qui
908 3108 982 3172 aliis
1005 3109 1187 3193 persuadet,
1212 3112 1249 3172 ut
1272 3102 1347 3193 pec·

229 3224 336 3287 catum
361 3223 574 3302 committant,
600 3246 658 3309 pro
683 3224 772 3308 turpi
797 3245 963 3309 poenaque
987 3224 1086 3310 digno
1102 3223 1345 3289 hominehabe·

229 3342 295 3417 tur,
319 3360 385 3403 non
408 3338 514 3403 minus
538 3340 630 3425 pravi
654 3340 847 3405 aestimandi
871 3343 947 3404 sunt
970 3340 1004 3417 ii,
1030 3340 1086 3424 qui
1110 3363 1184 3405 eum
1207 3341 1344 3405 libentes

228 3455 376 3521 audiunt.
412 3454 457 3519 At
480 3456 514 3519 in
547 3454 720 3533 Socratem,
754 3458 810 3542 qui
834 3458 1107 3543 quadringentum
1131 3461 1344 3541 tyrannorum

228 3571 334 3636 socius
369 3572 531 3648 nonfuit,
557 3594 615 3637 nec
639 3576 712 3658 post
736 3573 857 3638 cladem
882 3573 966 3657 apud
986 3571 1095 3659 Aegos
1119 3571 1256 3638 Flumen
1283 3574 1344 3637 tri-

227 3688 321 3774 ginta
345 3689 488 3753 virorum
511 3688 713 3773 impietatem
735 3690 894 3774 probavit,
928 3689 990 3754 hoo
1013 3689 1135 3754 crimen
1159 3711 1223 3754 non
1247 3690 1342 3755 valet.

227 3803 267 3869 In
303 3802 404 3867 altero
441 3803 574 3869 crimine
609 3805 735 3887 Anytus
772 3804 834 3868 hoc
870 3804 964 3869 dicit:
1001 3826 1074 3868 reus
1111 3808 1160 3868 est
1183 3806 1343 3870 nocentis·

228 3918 339 3995 simus,
377 3919 581 4003 reprehendit
618 3920 701 3985 enim
732 3921 853 3985 multos
876 3920 964 3985 locos
988 3923 1134 3985 veterum
1157 3924 1342 4005 poetarum;

228 4034 256 4099 si
279 4034 383 4120 igitur
407 4035 649 4114 condemnatur,
675 4037 715 4101 ab
740 4017 888 4103 omnibus
913 4039 1019 4102 denuo
1042 4036 1094 4101 illi
1112 4036 1341 4103 laudabuntur.

228 4188 419 4209 ...μ-

266 4277 287 4353 ¹)
312 4276 382 4336 Plat.
404 4246 509 4351 Gorg,
522 4280 587 4335 485.
608 4276 640 4335 u.

1164 4381 1203 4444 1*
