3159 5167
761 727 852 795 XVI.

292 977 431 1045 suesti
457 979 561 1046 verbis
585 1005 616 1068 p.
644 983 734 1048 339:
760 984 833 1061 »hi,
857 983 914 1070 qui
938 988 1013 1067 post
1036 984 1176 1052 lustrum
1201 988 1370 1054 conditum

247 1117 286 1160 ex
306 1097 488 1180 junioribus
513 1098 740 1184 magistratum
766 1104 930 1185 ceperunt,
956 1104 988 1165 et
1002 1100 1037 1165 in
1049 1106 1163 1167 senatu
1177 1102 1371 1189 sententiam

248 1212 359 1277 dicunt
393 1216 425 1278 et
461 1235 527 1278 non
552 1220 707 1280 vocantur
731 1220 909 1291 senatores,
935 1219 1110 1302 antequam
1134 1201 1170 1282 in
1194 1218 1373 1284 senioribus

248 1332 324 1394 sunt
359 1327 479 1409 censi”,
516 1351 581 1396 non
618 1336 763 1418 apparet,
800 1331 960 1399 neminem
984 1337 1061 1398 ante
1085 1336 1368 1423 quadragesimum

214 1518 216 1523 λ
248 1448 374 1510 sextum
399 1445 516 1512 aetatis
541 1468 664 1514 annum
687 1449 721 1514 in
747 1452 896 1514 sonatum
921 1448 1041 1515 lectum
1066 1472 1144 1516 esse.

696 1755 697 1758 ¹
759 1721 866 1788 XVII.

302 1975 412 2061 Θῇτες
447 1999 478 2041 α·
504 1977 593 2043 nullo
638 1978 710 2066 cogi
755 1983 900 2062 possunt,
938 1983 975 2042 ut
1010 1978 1111 2043 filiam
1149 1979 1375 2049 hereditariam

252 2093 382 2158 ducant.

750 2370 881 2438 XVHL

301 2627 483 2714 Imperator
518 2625 669 2693 Julianus
694 2626 735 2691 ab
762 2648 845 2693 anno
873 2630 939 2695 345
966 2651 1066 2714 usque
1091 2630 1131 2694 ad
1155 2652 1277 2694 annum
1304 2632 1369 2694 351

254 2741 289 2805 in
313 2738 442 2807 Macelli
466 2740 564 2806 fundo
592 2739 692 2805 vitam
717 2743 885 2828 transegit.

780 3020 868 3088 XIX.

303 3274 425 3359 Injuria
462 3273 585 3341 Sieuers
620 3273 740 3358 (Leben
778 3274 832 3340 des
867 3275 1036 3363 Libanius)
1073 3281 1176 3361 putat,
1202 3259 1376 3342 Libaniuru

258 3387 440 3454 344-349
466 3386 674 3455 Nicomediae
698 3387 871 3469 habitasse,
895 3389 960 3454 fuit
985 3392 1072 3456 euim
1095 3390 1193 3455 ibiab
1210 3392 1375 3459 annossso

260 3527 359 3592 usquc
384 3503 424 3570 ad
449 3525 569 3570 annum
595 3505 673 3570 351.
1172 3536 1173 3539 ¹

785 3780 857 3846 XX.

305 4036 424 4103 Verbis
450 4035 635 4128 Diomedisz
672 4035 724 4099 »iu
757 4035 891 4101 canticis
915 4039 1023 4101 autem
1048 4059 1113 4100 una
1138 4041 1264 4102 tautum
1287 4036 1380 4102 debet

263 4177 329 4220 esse
366 4174 511 4238 persona,
548 4157 615 4230 aut,
653 4152 679 4217 si
704 4153 785 4217 duae
809 4151 941 4229 fuerint,
968 4152 1015 4216 ita
1040 4174 1107 4217 esse
1131 4153 1255 4229 debent,
1283 4158 1318 4218 ut
1342 4176 1380 4217 ex

262 4272 390 4343 occulto
428 4293 492 4336 unc
528 4271 639 4335 audiat
677 4291 735 4335 nec
772 4269 999 4353 conloquatur,
1024 4270 1078 4334 sed
1102 4292 1220 4347 secum,
1246 4269 1273 4334 si
1299 4293 1381 4354 opus

266 4388 374 4468 fuerit,
401 4388 497 4476 verba
520 4383 654 4468 faciat”,
678 4387 757 4454 fides
781 4385 961 4455 adhibenda
984 4389 1041 4454 est.
