3159 5167
753 456 798 520 24

219 670 372 738 δεόντων
403 677 617 757 δυναμένους
653 669 841 737 διδάσκειν.
893 669 947 733 29.
986 663 1050 733 Διὰ
1083 664 1194 730 ταῦτα
1217 661 1333 729 πάντα

219 782 324 856 αάτοί
342 814 379 857 τε
404 796 615 867 συνθέοντες
639 787 909 878 περιειστήκειτε
922 783 985 851 τὸν
1004 783 1211 874 Σωκράτην,
1224 771 1333 847 ὁπότε

218 908 290 974 τῶν
324 910 498 976 τοιούτων
529 901 681 993 ἐλέγχων
719 898 880 983 ἅπτοιτο,
915 910 975 971 καὶ
1008 901 1094 980 τοὺς
1131 893 1190 968 ι’πὶ
1225 904 1334 985 σοφίᾳ

220 1026 332 1110 (μέγα)
368 1025 593 1115 φρονοῦντας
625 1014 778 1114 ὁρῶντες
810 1027 1094 1106 καταδυομένους
1125 1017 1334 1103 καὶμᾶλλον

218 1141 292 1208 τῶν
319 1134 557 1232 ἀνδραπόδων
582 1142 800 1227 ἰλιγγιῶντας
823 1148 881 1207 καὶ
906 1132 1134 1228 ἀποροῦντας
1156 1144 1215 1203 καὶ
1238 1158 1335 1224 περι-

219 1262 411 1341 βλέποντας
446 1249 532 1324 ὅποι
568 1258 715 1343 φύγοιεν
754 1250 769 1321 ι’
770 1257 902 1342 γελᾶτε.
951 1258 1006 1321 30.
1042 1260 1112 1321 Καὶ
1149 1244 1220 1338 ἀμα
1242 1249 1336 1342 πρὸς

108 1397 114 1407 ·
222 1366 416 1457 ἐπιμέλειαν
452 1382 613 1453 παιδείας
647 1368 823 1461 ἀληθινῆς
847 1367 1054 1465 ἐτρέπεοθε,
1078 1383 1153 1449 τοῖς
1175 1395 1212 1438 τε
1236 1376 1336 1437 παισὶ

222 1503 409 1578 παρηνεῑτε
452 1492 519 1557 τοῦ
561 1490 673 1557 ταῦτα
717 1491 910 1569 ποιοῦντος
950 1491 1107 1574 ἔχεσθαι,
1141 1487 1337 1573 νομίζοντες

219 1607 337 1692 μεῖζον
377 1610 464 1675 εἶναι
502 1615 627 1698 κέρδος
663 1601 783 1687 αὐτοῖς
822 1598 888 1674 κάν
927 1605 1053 1697 μικρὸν
1090 1606 1163 1672 τῶν
1201 1597 1336 1670 ἐκείνου

218 1735 399 1809 μετασχεῖν
433 1726 551 1791 καλῶν
575 1715 598 1809 ἢ
621 1723 684 1791 τὸν
711 1717 770 1791 ἰπὶ
795 1725 860 1809 γῆς
884 1715 1023 1790 ἅπαντα
1047 1720 1192 1812 χρυσόν,
1217 1710 1269 1787 ὥν
1292 1710 1337 1804 ἦν

219 1840 299 1907 τότε
323 1848 381 1906 καὶ
399 1833 552 1919 ’Ἄνυτος
577 1831 598 1907 ὁ
622 1840 751 1931 πικρὸς
776 1849 854 1908 νυνὶ
877 1840 1090 1929 κατήγορος.
1118 1844 1188 1904 Καὶ
1210 1834 1280 1925 γάρ
1304 1838 1338 1902 οἱ

219 1957 350 2023 τούτου
385 1964 508 2035 παῖδες
543 1965 602 2023 καὶ
626 1959 811 2047 προςῇσαν
835 1952 895 2024 καὶ
920 1958 1064 2046 ἔχαιρον
1086 1956 1140 2039 τῷ
1163 1954 1229 2021 νῖν
1254 1945 1337 2038 φεύ-

220 2096 317 2156 γοντι
352 2071 417 2158 την
455 2081 565 2159 δίκην,
600 2082 659 2141 καὶ
683 2064 789 2153 οἶτος
815 2066 891 2140 οὔτ’
917 2066 1116 2163 ἀπέτρεπεν
1140 2064 1217 2138 οὔτ’
1242 2074 1337 2155 ε’μέμ-

221 2212 318 2273 φετο,
343 2179 466 2280 ὥσπερ
492 2184 577 2258 οὐδὲ
599 2181 695 2277 ὖμεῑς
718 2190 804 2270 τούς
828 2181 1020 2278 ὗμετέρους
1035 2182 1167 2258 αὐτῶν·
1184 2188 1337 2265 εἰκότως.

222 2308 276 2371 31.
302 2299 525 2375 Ἠπίστασθε
548 2307 630 2398 γάρ,
655 2299 705 2387 ως
730 2300 750 2375 ό
775 2310 837 2395 μὲν
850 2297 982 2394 ὁμιλῶν
995 2300 1062 2375 κᾶν
1074 2295 1336 2393 θαυμάσειεν,ό

222 2420 260 2486 δὲ
284 2422 480 2506 θαυμάζων
497 2414 562 2490 κᾶν
587 2424 759 2509 ζηλώσειε,
784 2431 843 2490 καὶ
865 2424 919 2507 τῷ
931 2424 1060 2507 πυκνῷ
1071 2423 1136 2509 τῆς
1150 2428 1337 2497 συνουσίας

222 2542 396 2621 ἐγγένοιτο
407 2530 508 2617 ἀντις
518 2540 690 2625 ἐπιθυμία
699 2539 887 2626 μιμήσεως.
897 2532 1211 2626 Ἐπιθυμάσαντες
1221 2537 1338 2605 δὲτῶν

222 2654 507 2739 ἐπιτηδευμάτων
549 2655 764 2744 Σωκράτους
798 2656 936 2722 ἔσονται
960 2655 1033 2721 τῶν
1057 2655 1201 2722 πολλῶν
1224 2647 1338 2731 εὐθὺς

223 2762 396 2855 ἀμείνους,
431 2778 703 2861 γαστριμαργίας
739 2772 802 2857 μὲν
837 2780 895 2840 καὶ
930 2779 1045 2858 μέθης
1068 2780 1127 2839 καὶ
1163 2769 1339 2857 λη’μματος

262 2950 307 3003 29·
328 2950 417 3009 αὐτοί
447 2976 481 3011 τε
515 2947 673 3023 σωθέντες,
703 2951 747 3019 R,
781 2958 936 3022 ἡσθέντες,
967 2950 1046 3020 (iob,
1073 2950 1124 3008 sed
1142 2970 1170 3027 p.
1191 2950 1225 3009 L.
1244 2949 1281 3007 U.
1301 2948 1337 3005 V.

223 3052 336 3103 secutus
357 3066 427 3104 eum.
487 3059 577 3125 μέγα,
598 3050 667 3108 Gob.
687 3049 808 3108 addidit.

262 3148 308 3203 30.
330 3152 393 3214 atti,
412 3146 480 3204 COb.
501 3167 552 3223 pro
573 3158 663 3211 κατά.
727 3156 781 3213 dir?
804 3159 859 3226 γῆς
878 3168 930 3226 pro
950 3154 998 3211 ἐπὶ
1019 3160 1085 3226 γῆς,
1104 3148 1178 3207 Nab.

217 3328 220 3333 ,
263 3249 308 3303 31·
330 3255 452 3309 πολλῶν
472 3267 523 3324 pro
544 3257 601 3311 τῶν
623 3260 754 3319 πολλῶν,
774 3270 813 3326 p.‚
832 3260 947 3330 πολλῷ,
959 3248 1034 3334 1181)·Ι

225 3404 271 3461 hie
302 3405 455 3477 adhibitae,
481 3412 513 3464 ut
533 3408 564 3464 in
582 3408 634 3465 hoe
653 3409 715 3485 ipso
735 3410 880 3467 volumine
898 3430 926 3485 p.
948 3412 1012 3467 131.
1035 3413 1070 3467 10
1089 3410 1183 3468 locum
1202 3411 1338 3480 invenies,

225 3504 275 3561 ubi
304 3504 420 3563 verbum
439 3515 590 3584 κρατείτω,
611 3509 722 3585 saepius
742 3509 776 3567 ab
796 3510 903 3587 iniquis
922 3509 1045 3567 librariis
1063 3529 1148 3587 prave
1167 3516 1338 3587 corruptum,

224 3603 353 3660 additum
387 3612 437 3663 est,
477 3604 520 3663 De
555 3606 607 3663 hae
642 3608 785 3666 locutione
815 3610 849 3667 ef.
880 3609 993 3667 Ruhnk.
1021 3611 1053 3667 in
1082 3610 1229 3668 Timaeum
1259 3631 1280 3669 s.
1311 3630 1337 3668 v.
1385 3642 1391 3650 ·

225 3811 293 3881 λίγ.
316 3808 371 3862 509
391 3826 433 3883 sq.
454 3815 622 3885 Θρέμμτττ
641 3808 673 3865 in
691 3815 802 3866 textum
821 3810 925 3886 recepi,
944 3810 1019 3888 quia,
1040 3830 1091 3867 eur
1100 3810 1233 3868 librarius
1243 3829 1339 3867 vocem
1368 3843 1371 3847 ·

225 3901 281 3960 sibi
299 3905 424 3980 ignotam
443 3907 474 3964 in
494 3907 609 3965 alteram
628 3908 802 3967 notissimam
821 3911 944 3980 mutarit,
963 3909 1045 3967 facile
1063 3911 1212 3968 intellectu
1231 3916 1282 3969 est.

264 4006 309 4062 31.
332 4013 469 4083 καθάπερ
493 4008 687 4083 ἄλκμιιντίνῳ.
708 4010 961 4068 Animadversione
980 4010 1084 4085 dignus
1099 4015 1143 4068 est
1161 4008 1339 4067 usushorum

225 4101 436 4178 adjectivorum,
466 4112 498 4163 ut
527 4112 668 4184 σιδηροῦς,
700 4105 817 4182 λίθινος
847 4115 900 4169 etc.
928 4109 963 4167 cf.
984 4108 1035 4167 IV.
1056 4112 1120 4166 148.
1140 4112 1157 4166 3
1178 4114 1206 4165 et
1227 4111 1291 4164 149.
1313 4109 1339 4163 8.

226 4202 337 4261 Rudem
356 4204 448 4262 virum
469 4203 559 4269 λίθον
579 4208 706 4266 nominat
726 4208 861 4266 Libanius
881 4212 906 4269 1.
928 4213 992 4268 213.
1013 4214 1030 4267 6
1051 4215 1080 4267 et
1100 4212 1165 4267 214.
1187 4213 1214 4278 3,
1234 4207 1339 4265 deinde

225 4302 257 4359 in
273 4306 370 4379 jocosa
388 4306 509 4382 quadam
529 4307 741 4377 declamatione,
761 4308 793 4366 in
812 4328 869 4386 qua
886 4309 978 4368 virum
997 4308 1139 4386 quendem
1158 4307 1340 4385 semetipsum
