3159 5167
791 481 813 544 4

245 690 339 778 Quod
362 714 457 775 quam
483 692 655 757 absurdum
680 692 734 770 sit,
755 692 831 757 inde
849 714 1004 776 apparere
1014 694 1131 775 potest,
1149 714 1208 756 nos
1221 692 1362 777 impuni-

195 784 199 792 ¹
244 811 294 871 tos
315 808 353 872 de
377 808 584 893 imaginibus,
611 809 649 873 de
673 809 847 895 tragoediis
870 788 1065 873 sententiam
1089 812 1232 873 nostram
1255 808 1362 892 palam

243 926 420 1003 enuntiare,
466 948 524 990 nec
564 924 777 1010 Aristophani
819 926 899 990 vitio
944 926 1025 1003 dari,
1072 926 1157 1009 quod
1198 925 1361 994 Socratem

242 1042 381 1121 illuserit
415 1043 449 1107 in
486 1064 590 1107 scena.
638 1042 750 1106 Etiam
785 1042 913 1127 legibus
948 1040 1028 1106 haec
1064 1042 1190 1108 dicendi
1227 1043 1361 1110 libertas

243 1137 408 1245 nunquam
440 1160 589 1224 restricta
613 1164 672 1224 est.
721 1158 799 1234 Quis
823 1160 926 1245 igitur
952 1158 1116 1224 Socratem
1140 1163 1360 1245 reprehendet,

242 1280 328 1363 quod
352 1277 485 1343 Hesiodi
510 1278 631 1342 dictum
656 1270 761 1342 οὐδὲν
786 1277 891 1365 ἔργον
906 1268 1041 1353 ὄνειδος
1055 1277 1210 1343 refutavit
1224 1267 1361 1365 1),quod

242 1394 383 1459 Pindaro
420 1416 484 1458 non
522 1416 669 1458 assensus
706 1396 754 1457 est
790 1394 929 1458 dicenti:
976 1381 996 1458 ὁ
1033 1394 1141 1478 νόμος
1179 1382 1360 1484 ὖπερτάτῃ

242 1520 330 1601 χειρὶ
353 1512 504 1596 βιάζεται
527 1510 569 1577 τὸ
595 1518 729 1589 δίκαιον
754 1510 795 1599 2),
834 1515 919 1596 quod
944 1513 972 1576 ei
998 1512 1250 1600 Theognisnon
1276 1518 1361 1580 recte

242 1634 354 1697 docere
378 1631 466 1695 visus
491 1634 550 1707 est,
575 1652 634 1694 nos
660 1630 768 1694 omnia
793 1627 892 1694 ἕνεκα
912 1628 1103 1717 χρημάτων
1116 1630 1221 1694 facere
1233 1631 1359 1711 debere,

242 1773 341 1834 quum
365 1753 537 1834 paupertas
562 1748 728 1811 silentium
752 1770 847 1833 agere
871 1770 930 1811 nos
955 1751 1074 1833 cogat?
1102 1746 1153 1812 Ne
1177 1771 1358 1833 sequamur,

241 1867 287 1931 ait
312 1865 470 1943 Socrates,
496 1887 621 1948 semper
644 1862 822 1928 Homerum
846 1865 969 1941 ducem,
1001 1864 1056 1947 qui
1081 1865 1115 1928 in
1139 1864 1241 1949 Iliade
1265 1865 1358 1931 nobis

240 1987 361 2058 narret,
387 1982 427 2047 ab
451 1982 569 2065 Ulysse
593 1981 714 2045 milites
738 1980 906 2067 gregarios
930 1981 1095 2064 vapulare,
1117 1982 1240 2047 nobiles
1252 1982 1358 2047 verbis

193 2116 196 2122 ·
239 2099 463 2163 tantummodo
488 2097 680 2173 admonitos,
706 2117 816 2160 omnes
841 2096 926 2160 enim
942 2096 1070 2182 legibus
1087 2119 1181 2182 pares
1194 2120 1304 2162 sumus
1318 2095 1356 2181 3).

241 2213 353 2299 Siquid
384 2213 447 2277 fuit
482 2213 517 2276 in
553 2215 586 2277 te
611 2213 826 2287 auctoritatis,
851 2211 971 2295 Anyto,
996 2212 1079 2277 hanc
1102 2216 1205 2277 totam
1229 2236 1357 2297 pessum

240 2330 356 2396 dedisti
388 2330 533 2408 dicendo,
576 2327 741 2394 Socratem
772 2333 942 2412 poetarum
975 2328 1061 2392 fama
1094 2350 1188 2392 usum
1218 2352 1296 2407 esse,
1321 2336 1358 2396 ut

235 2446 407 2531 juvenibus
431 2444 646 2529 persuaderet,
681 2445 817 2509 ἐναυτία
841 2443 926 2507 enim
951 2441 1072 2525 σαυτῷ
1095 2446 1202 2525 λέγεις
1215 2441 1253 2530 4).
1288 2443 1357 2510 Nec

239 2568 347 2627 tamen
372 2559 497 2626 Socrati
520 2560 712 2625 auctoritate
735 2564 905 2644 poetarum
922 2582 1002 2643 opus
1016 2564 1096 2637 erat,
1122 2546 1221 2644 quum
1234 2562 1353 2660 Apollo

239 2703 309 2746 eum
355 2679 629 2763 sapientissimum
670 2678 879 2742 nominasset.
929 2676 1053 2742 Deinde
1093 2698 1208 2763 rogare
1247 2680 1354 2759 velim,

238 2821 295 2864 cur
330 2802 437 2881 patres
473 2795 557 2860 filios
595 2817 669 2859 suos
698 2795 916 2858 instituendos
940 2791 1064 2857 Socrati
1087 2794 1289 2875 tradiderint,
1327 2798 1355 2861 si

237 2913 322 2977 nihil
345 2912 542 2996 praeclarius
568 2933 621 2975 eos
644 2912 756 2975 docere
781 2910 888 2988 sciret,
902 2932 1000 2993 quam
1013 2911 1244 2994 rempublicam
1266 2934 1355 2977 ever-

238 3034 306 3093 tere
329 3032 362 3093 et
386 3029 478 3092 novis
502 3028 609 3123 rebus·
624 3028 761 3091 studere.
811 3026 839 3089 Ε
863 3027 985 3105 fraude,
1003 3027 1101 3106 furto,
1118 3029 1284 3094 mendacio
1297 3052 1355 3094 nos

237 3146 416 3211 utilitatem
440 3146 572 3209 haurire
596 3145 674 3208 belli
696 3149 841 3228 tempore
853 3166 956 3228 posse,
978 3147 1062 3208 recte
1075 3146 1249 3224 contendit,
1270 3147 1355 3232 quod

238 3262 335 3328 etiam
360 3261 491 3326 medicis
516 3263 640 3338 damna,
666 3260 721 3345 qui
747 3284 783 3324 ea
808 3261 990 3325 adhibendo
1007 3262 1249 3345 aegrotantibus
1262 3285 1355 3347 saepe

237 3379 405 3443 medentur
419 3374 456 3461 ⁵).
506 3376 598 3451 Quod
621 3376 750 3459 Anytus
776 3376 865 3454 dicit,
885 3377 1060 3459 discipulos
1076 3379 1220 3461 pejerare
1231 3380 1353 3457 doctos,

237 3498 277 3561 ad
301 3517 404 3580 nugas
428 3495 502 3558 illas
527 3494 620 3557 nobis
646 3494 874 3557 attendendum
898 3515 963 3556 non
988 3497 1046 3570 est,
1071 3515 1169 3577 quum
1188 3494 1354 3577 opiniones

235 3613 328 3677 factis
352 3613 540 3677 confirmare
564 3633 628 3675 non
654 3611 767 3695 possit,
801 3611 830 3674 is
856 3611 941 3675 enim
964 3610 1060 3675 alteri
1084 3612 1286 3694 persuadeat,
1318 3616 1354 3675 ut
1471 3640 1473 3645 ·

275 3922 282 3957 ¹
316 3916 387 3974 Xen.
408 3915 494 3973 Mem.
516 3919 541 3972 l.
562 3918 589 3984 2,
613 3916 647 3970 56
669 3918 697 3970 et
718 3916 762 3975 hl.
803 3912 874 3969 Plat.
895 3910 1005 3967 Gharm.
1028 3913 1091 3968 163.
1112 3910 1145 3969 Β.

272 4024 281 4054 ²
314 4016 386 4073 Plat.
407 4015 493 4090 Gorg.
515 4018 579 4072 48⁴4.
602 4014 633 4071 B.

273 4127 282 4156 '³
316 4116 388 4173 Xen.
409 4115 496 4172 Mem.
519 4118 543 4172 1.
566 4118 591 4182 2,
614 4117 649 4169 58
671 4117 699 4170 et
720 4114 765 4169 59.

271 4219 289 4253 ⁴¹
315 4214 389 4272 Xen.
409 4214 496 4270 Mem.
518 4217 544 4269 l.
566 4216 592 4282 2,
615 4216 659 4269 56.

271 4311 280 4341 ⁵
313 4314 381 4371 Plat.
402 4311 533 4391 Reipubl.
557 4312 611 4369 [ll.
634 4315 698 4369 389.
721 4310 754 4369 B.
776 4310 808 4365 G,
