3159 5167
447 1360 1095 1460 PRAEFATIO.

624 1618 929 1631 .--.-——-—

260 1780 364 1856 Quum
398 1780 564 1862 hucusque
587 1780 654 1841 tam
679 1772 772 1861 pauci
797 1776 860 1840 viri
885 1775 970 1841 docti
994 1777 1029 1839 in
1052 1775 1180 1841 Libanii
1203 1774 1330 1858 scriptis

170 1936 173 1945 ι
215 1895 421 1963 emendandis
446 1897 478 1959 et
502 1892 701 1977 explicandis
725 1914 857 1976 operam
881 1892 1059 1975 posuerint,
1084 1890 1243 1975 hodieque
1262 1913 1330 1955 ma·

212 2014 279 2077 lam
315 2012 539 2077 tantummodo
572 2011 744 2076 editionem
766 2009 953 2088 habeamus,
979 2033 997 2071 a
1020 2007 1153 2071 Reiskio
1174 2009 1329 2086 curatam,

212 2126 408 2213 Apologiam
446 2126 597 2205 Socratis,
633 2126 718 2191 inter
753 2126 999 2190 declamationes
1022 2124 1116 2189 facile
1141 2124 1329 2209 principem,

212 2248 316 2311 denuo
340 2245 494 2309 edendam
518 2244 653 2328 suscepi.
688 2241 802 2327 Neque
826 2242 912 2308 enim
936 2263 1038 2325 pauca
1062 2244 1149 2317 sunt,
1174 2262 1256 2324 quae
1279 2262 1330 2305 me

212 2364 253 2427 ad
277 2362 339 2427 hoc
363 2360 533 2425 consilium
556 2360 752 2425 incitarunt:
777 2360 812 2423 in
835 2359 888 2423 his
900 2357 1052 2443 primum,
1066 2360 1152 2441 quod
1164 2357 1329 2422 nonnullis

213 2476 344 2542 Libanii
381 2475 543 2541 codicibus
578 2480 675 2561 atque
698 2476 740 2540 iis
765 2475 896 2559 optimis
920 2477 961 2540 ad
984 2477 1109 2539 textum
1134 2475 1330 2539 constituen-

214 2597 290 2660 dum
315 2594 453 2659 editores
477 2595 620 2658 nondum
644 2594 694 2658 usi
720 2596 807 2670 sunt,
832 2592 944 2657 deinde
969 2592 1054 2675 quod
1068 2591 1236 2656 observare
1249 2590 1330 2655 mihi

212 2710 302 2775 visus
326 2732 409 2789 sum,
435 2732 473 2774 ex
497 2709 558 2773 hac
582 2708 741 2792 imprimis
765 2708 915 2794 apologia
939 2729 1094 2792 apparere
1118 2728 1221 2791 posse,
1235 2729 1330 2791 quem

211 2827 252 2890 ad
275 2826 404 2890 modum
429 2824 575 2890 rhetores
598 2824 673 2889 illas
697 2824 946 2889 declamationes
960 2824 1199 2908 composuerint
1212 2826 1244 2886 et
1258 2823 1331 2907 qui·

210 2941 269 3005 bus
294 2941 408 3006 studiis
432 2941 549 3006 intenti
573 2941 705 3006 fuerint.
730 2940 924 3024 Priusquam
948 2944 1057 3005 autem
1081 2942 1205 3005 textum
1217 2940 1331 3018 multo,

210 3057 258 3122 uti
279 3079 383 3141 spero,
408 3057 657 3122 emendatiorem
681 3056 805 3141 publici
830 3058 911 3141 juris
935 3058 1063 3136 faciam,
1096 3057 1131 3121 in
1155 3058 1215 3122 hac
1238 3081 1331 3142 prae-

210 3173 332 3238 fatione
367 3173 509 3283 primum
534 3174 752 3253 delentibus,
778 3198 795 3239 e
820 3174 938 3258 quibus
960 3174 1116 3239 libanius
1141 3177 1332 3259 argumenta

211 3288 389 3375 collegerit,
415 3289 529 3354 deinde
553 3290 591 3354 de
616 3290 790 3369 codicibus,
804 3291 1042 3375 quosadhibui,
1056 3312 1160 3376 agam.
1185 3288 1333 3355 Breviter

210 3408 312 3491 igitur
336 3396 495 3470 orationis
519 3406 617 3489 hujus
635 3429 793 3471 summam
806 3406 1017 3491 perscribam,
1030 3406 1065 3470 in
1077 3406 1162 3471 calce
1178 3407 1333 3491 cujusque

211 3521 349 3607 paginae
372 3521 574 3586 indicaturus
598 3523 697 3601 locos,
723 3544 804 3607 quos
828 3526 939 3587 noster
962 3522 1109 3586 imitatus
1133 3527 1191 3588 est.

259 3635 365 3711 Quum
401 3658 537 3721 semper,
578 3638 716 3721 judices,
756 3638 887 3703 Socrate
921 3638 1129 3703 familiariter
1160 3660 1236 3702 usus
1260 3638 1332 3718 sim,

212 3754 357 3817 deserere
381 3774 464 3831 eum,
489 3755 662 3837 postquam
686 3754 721 3818 in
746 3776 916 3819 aerumnas
941 3754 1067 3830 cecidit,
1091 3754 1177 3818 nolo.
1202 3754 1333 3818 Etenim

149 3921 151 3928 ,
213 3887 311 3952 grave
334 3867 444 3946 fuerit,
469 3867 626 3953 Anytum,
652 3868 819 3947 Meletum,
844 3870 1005 3954 Lyconem
1031 3869 1116 3934 nihil
1128 3869 1284 3943 omisisse,
1298 3872 1334 3931 ut
1395 3884 1401 3891 ·

214 3984 282 4049 sive
305 3983 397 4049 falsis
422 3985 705 4051 criminationibus
730 3986 797 4051 sive
822 3987 991 4051 verborum
1016 3985 1207 4068 ambagibus
1221 3982 1334 4049 Socra-

213 4102 279 4163 tem
315 4102 494 4184 perderent,
528 4123 586 4167 nos
620 4105 727 4166 autem
746 4107 853 4166 mutos
877 4124 1016 4180 manere,
1041 4123 1099 4166 nec
1123 4122 1251 4165 causam
1275 4121 1334 4182 pro

212 4214 301 4279 virili
332 4216 510 4295 defendere,
544 4239 617 4281 cum
649 4219 844 4302 praesertim
869 4219 992 4283 efficere
1016 4218 1190 4301 possimus,
1215 4239 1255 4282 ne
1278 4237 1335 4281 vos

215 4332 373 4417 pejeratis,
408 4332 608 4421 Quamquam
634 4335 735 4401 vitam
758 4334 852 4421 parvi
876 4332 1024 4401 Socrates
1048 4333 1253 4411 aestimabat,
1277 4354 1335 4397 nec

1172 4449 1189 4513 1
1249 4502 1251 4507 .
