3159 5167
789 512 808 579 5

228 722 296 790 sibi·
314 724 410 791 fidem
434 725 596 810 praebeat,
629 727 685 811 qui
709 728 834 811 primus
858 726 1040 810 exemplum
1067 726 1124 791 dat
1137 721 1172 811 1),
1198 717 1345 790 Socrates

227 845 336 905 autem
361 862 526 925 nunquam
550 842 718 926 pejeravit.
767 840 836 907 Nec
859 865 972 907 verum
996 848 1057 921 est,
1082 844 1168 927 quod
1180 845 1347 906 accusator

229 977 283 1019 reo
308 956 436 1039 objecit,
473 979 546 1021 eum
578 979 650 1021 cum
678 958 864 1042 junioribus
888 962 1017 1024 tantum
1041 959 1194 1043 colloqui,
1232 962 1347 1023 contra

229 1072 369 1136 seniores
394 1073 570 1138 excludere.
620 1073 665 1137 At
688 1096 856 1158 nunquam
881 1074 921 1139 ab
946 1097 983 1139 eo
1008 1074 1180 1159 quisquam
1198 1073 1346 1156 repulsus

229 1191 288 1262 cst;
327 1188 403 1271 quia
435 1193 543 1254 tamen
573 1190 706 1273 juvenes
744 1192 894 1256 omnibus
919 1192 1016 1255 rebus
1039 1195 1167 1268 vacant,
1205 1191 1346 1255 seniores

229 1309 343 1369 contra
374 1307 473 1371 variis
507 1308 593 1373 curis
626 1310 818 1386 retinentur,
859 1308 937 1391 quid
968 1308 1088 1372 mirum
1111 1307 1171 1371 hos
1196 1306 1346 1371 audiendi

231 1420 394 1487 Socratem
425 1428 551 1508 tempus
577 1425 727 1489 defecisse
740 1422 767 1509 2)
816 1425 881 1489 illis
912 1448 970 1509 per
1004 1427 1110 1489 totum
1135 1424 1219 1488 diem
1243 1422 1347 1486 otium

235 1540 437 1624 colloquendi
461 1542 568 1607 fuisse.
618 1541 738 1607 Eadem
762 1564 845 1624 quae
863 1544 998 1625 juvenes
1015 1541 1200 1618 audiissent,
1225 1536 1252 1603 si
1265 1544 1348 1604 tem-

235 1679 296 1741 pus
319 1658 360 1721 iis
383 1658 506 1723 fuisset.
556 1657 671 1723 Coram
696 1659 846 1723 omnibus
871 1658 995 1723 civibus
1019 1658 1053 1721 in
1076 1658 1156 1736 foro,
1184 1657 1220 1721 in
1244 1656 1348 1740 Lyceo

228 1772 363 1837 docebat
379 1772 537 1851 Socrates,
562 1774 598 1838 in
623 1774 765 1861 legendis
791 1774 989 1840 carminibus
1010 1774 1242 1859 gubernatores
1254 1772 1348 1838 nobis

229 1888 402 1956 imitandos
427 1913 506 1969 esse,
532 1895 564 1955 et
589 1893 789 1967 cavendam,
803 1913 885 1976 quae
898 1891 1105 1975 scopulorum
1117 1890 1222 1954 instar
1234 1911 1349 1954 nocere

229 2005 343 2070 lectori
367 2010 509 2089 possent.
550 2006 664 2090 Neque
703 2008 804 2093 igitur
836 2006 978 2073 Homero
1002 2008 1100 2072 fidere
1119 2030 1184 2071 nos
1209 2010 1346 2090 oportet,

230 2120 349 2186 dicenti
381 2108 563 2187 Minervam
586 2123 857 2189 hominisforma
880 2125 1027 2190 indutam
1050 2122 1235 2188 Pandarum
1251 2109 1348 2187 'cxci
1465 2116 1468 2123 ’

229 2242 326 2314 tasse,
364 2242 400 2302 ut
435 2260 546 2321 pacem
568 2242 746 2323 rumperet
759 2236 798 2323 3).
847 2238 1052 2322 Quantopere
1084 2242 1192 2303 autem
1217 2236 1347 2321 Anytus

232 2358 328 2432 erret,
354 2354 428 2418 inde
453 2354 610 2432 videmus,
636 2356 721 2439 quod
735 2355 804 2437 ipse
818 2353 997 2421 Homerum
1010 2356 1104 2419 modo
1117 2354 1240 2433 laudat,
1253 2354 1349 2417 modo
1427 2371 1429 2376 ’

230 2470 445 2555 reprehendit.
471 2469 586 2556 Pergit
611 2475 779 2535 accusator
803 2471 837 2535 iu
862 2494 953 2536 reum
969 2472 1080 2536 invehi
1106 2491 1347 2555 eumqueaccu·

230 2610 311 2666 sare,
337 2589 423 2672 quod
442 2588 576 2671 juvenes
599 2588 711 2671 pigros
736 2592 768 2651 et
793 2588 993 2652 effeminatos
1005 2587 1129 2665 reddat,
1154 2608 1348 2672 quamquam

231 2704 379 2769 omnibus
404 2707 517 2768 notum
542 2708 601 2781 est,
628 2702 794 2768 Socratem
819 2704 924 2769 solum
947 2703 1105 2769 Thraciae
1119 2704 1223 2788 frigus
1236 2708 1347 2787 pertu-

230 2820 316 2899 lisse,
354 2820 466 2885 deinde
489 2820 525 2883 in
549 2841 658 2905 pugna
683 2820 766 2902 apud
793 2819 920 2884 Delium
944 2820 1094 2885 hostibus
1118 2820 1152 2883 in
1178 2820 1248 2903 ipsa
1271 2820 1349 2905 fuga

230 2936 380 3001 timorem
411 2937 560 3019 injecisse
576 2934 618 3021 7“).,
663 2935 770 3002 Antea
803 2941 975 3021 paupertas
1012 2936 1139 3001 crimini
1178 2957 1243 3000 non
1280 2937 1349 2999 erat

230 3074 332 3136 neque
356 3052 390 3115 in
414 3053 504 3117 vitiis
528 3054 708 3137 ponebatur
733 3076 790 3117 suo
815 3058 986 3118 contentus
1012 3074 1090 3129 esse,
1120 3074 1202 3137 quae
1223 3049 1348 3115 Socrati

127 3240 129 3243 ¹
231 3167 271 3232 ab
295 3165 403 3249 Anyto
428 3168 551 3251 objecta
575 3174 660 3232 sunt.
711 3167 844 3243 Quando
880 3174 988 3234 autem
1026 3168 1097 3253 quis
1134 3190 1205 3232 eum
1242 3170 1348 3251 rogat,

231 3304 311 3366 quos
331 3284 464 3365 juvenes
490 3281 637 3348 Socrates
663 3287 853 3368 corruperit,
883 3286 1045 3350 neminem
1068 3288 1197 3369 praeter
1210 3282 1348 3348 Critiam

231 3401 263 3461 et
294 3397 497 3463 Alcibiadem
521 3400 678 3483 appellat,
713 3423 793 3485 quos
829 3404 957 3465 constat
994 3401 1169 3484 discipulos
1207 3399 1349 3465 Socratis

231 3538 298 3593 non
321 3516 420 3581 fuisse
435 3514 473 3603 ⁵),
511 3540 610 3601 quum
634 3540 801 3603 nunquam
826 3542 859 3584 se
885 3520 1075 3604 magistrum
1101 3521 1200 3584 ullius
1219 3520 1349 3605 juvenis

270 3752 382 3830 ¹)Xen.
403 3754 489 3815 Mem.
511 3755 534 3812 Ι.
558 3759 583 3824 2,
606 3758 650 3813 28.

269 3857 291 3931 ⁵)
310 3855 379 3928 Plat.
401 3855 485 3931 Apol.
507 3858 551 3912 23.
572 3854 603 3913 G.

268 3952 291 4029 3)
311 3953 380 4011 Plat.
401 3953 532 4030 Reipubl.
554 3954 592 4011 Π.
614 3957 679 4015 379.
700 3954 732 4024 Ε,
754 3958 820 4016 378.
840 3955 873 4013 Β.
895 3956 930 4015 cl'.
951 3976 1064 4035 quoquc
1084 3958 1122 4015 Π.
1144 3962 1209 4020 877.
1230 3958 1262 4029 Ε,
1284 3963 1348 4022 378.

232 4052 267 4122 Ι),
289 4056 353 4112 380.
374 4053 409 4112 D.
431 4073 491 4130 sqq.

268 4150 290 4227 4)
310 4152 379 4209 Plst.
401 4153 484 4229 Apol.
507 4156 551 4210 28.
573 4154 604 4209 Ε.
626 4153 696 4211 Plat.
719 4153 855 4229 Sympos,
878 4158 941 4211 220.
963 4156 997 4214 A..
1018 4131 1052 4214 Ε.
1123 4190 1125 4192 >

269 4248 291 4326 ⁵)
313 4251 385 4309 Xen.
413 4252 499 4309 Mem.
523 4256 547 4321 l,
570 4256 596 4321 2,
618 4256 740 4312 12-18.
771 4253 842 4312 Plat.
875 4255 959 4331 Apol.
981 4260 1026 4313 33.
1047 4257 1083 4326 A,
1110 4262 1202 4319 odies}
1231 4264 1349 4319 πώποτε

233 4352 430 4429 ξυγχωρῆσκς
469 4356 550 4415 οὐδὲν
588 4362 666 4429 παρὰ
708 4362 739 4416 rb
774 4359 886 4417 δίκαιον
918 4361 984 4419 a'v'rs
1017 4363 1103 4434 ἄλλῳ
1137 4365 1204 4420 abrs
1237 4366 1349 4422 rota-av
