3159 5167
773 452 818 515 34

237 662 293 726 52.
320 667 389 727 Καὶ
412 667 463 739 τίς
488 650 531 725 ἃν
556 660 795 735 πιστει’σειεν;
822 666 948 725 Καίτοι
972 664 1024 736 τίς
1048 648 1149 743 ὑμῶν
1178 647 1245 725 οὐκ
1269 658 1356 733 οἶσε,

235 782 386 862 πηλίκον
410 777 501 853 τινὲς
525 765 626 860 τ’μῶν
650 767 739 863 παρ’
763 764 846 860 άμῖν
872 779 1097 858 δυνηθέντες,
1135 775 1171 840 ἐν
1195 763 1356 856 εἰσαιμο-

236 893 349 980 νοάση
380 900 438 960 καὶ
474 898 639 978 μέγιστον
672 890 847 977 ἰσχυοι·’ση
871 891 916 976 τῇ
941 890 1044 955 πόλει
1068 887 1357 977 στρατηγοῦντες,

236 1007 380 1075 καὶτὸν
406 1009 519 1093 δῆμον
545 1000 700 1091 άγοντες,
725 1013 783 1073 καὶ
806 1005 848 1072 τὸ
872 1008 936 1090 μὲν
949 999 1063 1090 ὄνομα
1073 1005 1119 1091 τῇ
1141 1010 1357 1092 άημοκρατίᾳ

235 1125 449 1215 τηρήσαντες
484 1120 526 1189 τὸ
567 1116 601 1191 (Γ
632 1124 738 1212 ἔργον
775 1123 824 1201 εἰς
859 1129 941 1207 μίαν
976 1120 1042 1206 τήν
1087 1110 1208 1188 αὐτῶν
1244 1114 1357 1210 άρχιῗν

236 1246 455 1326 μεταθέντες,
480 1248 538 1307 καὶ
562 1239 668 1307 πάλιν
693 1230 779 1323 ὅλην
804 1240 904 1326 (τῶν)
929 1237 1280 1324 Δακεάαιμονίωνείς
1293 1235 1357 1304 τὸν

237 1356 383 1441 φθόνον
407 1354 469 1421 τὸν
494 1345 615 1421 αἰτῶν
629 1355 851 1439 κεκινηκάτες
863 1362 921 1421 καὶ
935 1360 1129 1439 ναυμαχίας
1141 1354 1358 1438 νενικηκότες

237 1479 296 1539 καὶ
319 1470 451 1552 vitrove
475 1471 667 1556 εἰληφότες,
704 1461 802 1556 ὅμως
826 1463 871 1537 οὗ
897 1478 1067 1556 σιέφυγον
1091 1467 1134 1536 τό
1159 1467 1206 1555 μη
1233 1471 1357 1536 σοῦναι

238 1589 343 1673 λόγον
360 1590 396 1655 ἐν
407 1596 566 1660 τουτοισὶ
575 1600 649 1665 τοῖς
663 1595 912 1677 δικαστηρίοις,
926 1579 1013 1653 occe
1025 1586 1112 1665 τοὺς
1123 1590 1358 1672 βουλομένους

238 1715 445 1792 κατηγορεῖν
471 1696 645 1789 ἀπέστησε
671 1705 734 1789 τῆς
759 1703 902 1793 γραφῇς
921 1702 963 1769 τι)
989 1705 1062 1770 τῶν
1085 1714 1357 1796 κριθησομένων

240 1814 385 1905 ἀξίωμα,
400 1812 472 1887 ἀλλ’
487 1820 650 1905 ἔφευγον,
664 1813 893 1905 ἠγωνίζοντο,
907 1811 1164 1904 άπελογοῦντος
1182 1826 1237 1888 53.
1262 1822 1360 1907 Ταχά

238 1929 272 2022 γ’
286 1928 328 2003 ἂν
353 1937 488 2004 ἔσεισαν
512 1936 578 2021 την
602 1943 726 2003 πενίαν
757 1937 974 2025 Σωκράτους
997 1946 1055 2004 καὶ
1079 1938 1144 2025 τήν
1166 1941 1240 2008 τῶν
1261 1948 1356 2007 σἰκα-

239 2054 347 2121 νικῶν
384 2046 535 2137 άγιάνων
573 2045 737 2143 άπειρίαν
773 2056 809 2120 οἱ
832 2051 894 2119 τὸν
918 2055 1176 2123 ποικιλώτατον
1198 2058 1272 2124 τῶν
1296 2057 1356 2146 ρη-

239 2170 359 2259 τόρων
394 2178 453 2237 καὶ
488 2176 647 2256 πολέμου
682 2178 740 2237 καὶ
772 2171 914 2260 εἰρήνης
937 2178 995 2237 καὶ
1018 2172 1091 2238 τῶν
1116 2162 1209 2239 ὅλων
1232 2175 1357 2263 κε’ριον

239 2292 429 2375 κρίναντες.
460 2292 504 2351 Τι’
517 2278 583 2353 οὖν
608 2278 652 2373 ἦν
676 2284 718 2352 τό
742 2287 806 2377 τῆς
830 2288 970 2372 σιωπῆς
995 2289 1125 2365 αἴτιον;
1168 2280 1222 2355 Οὐ
1244 2287 1286 2355 τὸ
1309 2287 1356 2374 μὴ

238 2403 326 2469 εἶναι
361 2399 447 2478 τοιῖς
469 2399 514 2467 τὰ
540 2393 735 2486 άόικηματα
759 2391 934 2491 ὁρῶντας,
960 2394 1047 2468 άλλὰ
1071 2402 1113 2468 τὸ
1138 2404 1268 2471 τοῦτον
1292 2406 1356 2472 νῦν

239 2516 467 2602 συκοφάντου
491 2517 638 2607 πρᾶγμα
662 2530 789 2585 ποιεῖν.
817 2519 871 2582 54.
901 2524 972 2585 Καὶ
994 2517 1063 2605 μην
1088 2520 1122 2586 εἰ
1135 2519 1176 2588 τὸ
1190 2523 1357 2601 πολλάκις

238 2639 425 2725 κεκρίσθαι
448 2632 511 2700 τὸν
533 2636 714 2721 φεύγοντα
738 2632 833 2725 πρὸς
866 2635 939 2701 τών
963 2638 1175 2726 κατηγόρων
1199 2642 1301 2717 ἐστὶν,
1325 2627 1357 2725 ᾧ

279 2828 325 2883 52.
344 2823 438 2882 Verba
457 2824 525 2882 inde
545 2844 562 2881 ο
582 2828 631 2882 καὶ
654 2828 704 2883 νῦν
724 2825 813 2895 δῆμον
833 2844 923 2902 usque
943 2826 980 2883 nd
1001 2828 1033 2883 ri
1055 2826 1083 2884 δ’
1104 2826 1186 2899 ’ἔργον
1206 2824 1263 2882 eL.
1273 2825 1310 2883 U.
1324 2826 1355 2882 V.

236 2924 352 2983 inserui.
413 2934 478 2991 τῶν,
498 2924 618 2981 inseruit
638 2924 711 2983 Nab.
771 2933 953 3002 ναυμαχίαν,
974 2926 1018 2996 Β,
1039 2939 1222 3006 ναυμιχὶας,
1242 2933 1303 2989 rell.

278 3028 323 3081 53.
346 3029 432 3099 ταχύ
462 3023 529 3100 γ’ἄν
559 3046 611 3103 pro
645 3034 729 3099 ταχῦ
753 3032 834 3099 γοῦν,
854 3023 950 3081 Gasda
968 3030 998 3081 et
1017 3025 1085 3083 Cob.
1146 3039 1202 3092 τῶν
1223 3034 1305 3100 ἔγωγ,
1324 3034 1356 3091 L,

237 3129 275 3187 U.
296 3130 340 3197 V,
374 3135 424 3190 ‘riv
455 3132 538 3196 ilion,
568 3147 606 3204 p„
635 3135 668 3187 τὸ
691 3135 741 3189 ‘riv
761 3130 846 3193 ὅλων,
867 3128 903 3187 R.
963 3143 1088 3209 πρᾶγμα
1107 3157 1159 3214 pro
1180 3145 1365 3218 πράγματα,

238 3232 306 3291 cob.
325 3232 458 3309 postulat,
479 3228 556 3305 quod
575 3229 607 3285 in
627 3234 735 3286 textum
755 3230 858 3307 recepi.

276 3383 321 3437 52.
341 3378 419 3435 inter
437 3377 574 3454 pessimos
594 3396 655 3437 esse
674 3377 809 3446 codicem,
830 3398 887 3454 qno
908 3378 1046 3438 Morellnc
1066 3402 1133 3441 ueris
1152 3390 1202 3454 est,
1222 3387 1284 3464 ipse
1299 3392 1357 3464 jum

237 3477 319 3545 vidit,
348 3478 453 3553 quippe
484 3477 534 3553 qui
562 3476 593 3533 in
625 3476 728 3534 notetis
759 3477 796 3534 ad
824 3478 975 3537 Libanium
1003 3483 1147 3542 observet:
1180 3485 1212 3543 in
1237 3488 1357 3545 Socratis

237 3577 378 3653 Apologia
405 3576 489 3632 unico
517 3580 626 3631 tantum
659 3575 747 3632 veteri
766 3596 853 3635 mnsc.
884 3578 955 3653 Reg.
975 3580 1147 3658 abantiquo
1170 3596 1357 3663 campa-54,

238 3696 296 3733 non
324 3682 381 3733 tam
410 3681 535 3732 accurate
566 3682 594 3732 et
622 3676 763 3750 castigate,
795 3697 877 3753 quam
904 3680 1036 3754 expedite
1056 3688 1168 3740 exarato
1189 3685 1233 3741 usi
1252 3705 1357 3744 snmus.

238 3777 363 3852 Apparet
382 3775 484 3831 hocin
503 3775 555 3832 hac
575 3794 685 3849 quoque
706 3777 845 3833 sententio
865 3778 1027 3853 ceteroquin
1047 3780 1149 3849 lucido,
1178 3783 1262 3840 verba
1281 3785 1357 3841 enim

240 3884 273 3939 τλ
295 3880 321 3937 3¹
344 3881 427 3950 ’ἐγγιι
447 3874 558 3931 omissis
578 3873 679 3941 verbis,
701 3894 772 3950 quae
793 3876 859 3932 eL.
881 3876 917 3933 U.
939 3875 974 3934 V.
995 3877 1083 3945 edidi,
1100 3881 1264 3956 scrupulum
1274 3882 1357 3941 nobis

237 3976 378 4051 injiciunt,
398 3994 480 4050 quarn
501 3974 537 4031 ob
556 3992 667 4030 causam
685 3974 753 4042 λεια,
774 3975 821 4031 cui
832 3974 944 4033 codices
955 3976 1001 4033 issi
1010 3977 1103 4049 ignoti
1113 3986 1200 4049 erant,
1212 3983 1359 4057 proposuit

240 4071 1358 4155 πᾶνΣέτννενγῦνεῖςμίαναῦτιῖιιἰρχῆνμετιιθέιτες.Ελθιίιι,η11ε111ρ11111118

238 4172 346 4250 publici
353 4172 425 4247 juris
436 4172 499 4240 feci,
517 4171 697 4247 perspicuum
708 4177 757 4240 est,
770 4177 905 4247 quantum
915 4179 1037 4248 praestet
1046 4194 1143 4233 omnes
1153 4178 1262 4236 codices
1272 4180 1357 4238 etiam

238 4274 348 4348 pejores
367 4269 542 4348 perscrutari,
562 4288 644 4346 qnam
665 4269 757 4328 statim
777 4269 1021 4332 emendationibus
1039 4273 1117 4333 locos
1125 4276 1264 4351 corrigere
1274 4279 1356 4341 velle.
