3159 5167
781 518 821 583 ll

249 718 356 788 Reislr.
390 727 482 789 textu
518 724 640 790 contuli
675 746 732 791 nec
768 726 838 791 sine
871 727 990 797 fructu.
1013 724 1111 793 Oodd.
1137 724 1233 790 Laur.
1258 721 1366 790 Vatia.

248 838 329 903 Urb.
366 839 530 927 hucusque
565 864 660 906 nemo
693 840 850 919 adhibuit,
887 863 1082 927 quamquam
1118 842 1215 927 longe
1250 838 1365 923 optimi

248 958 332 1019 sunt.
381 954 552 1022 Praeterea
574 957 718 1023 Jacobsii
743 963 776 1023 et
801 958 913 1025 Oobeti
938 959 1176 1025 emendationes
1200 957 1364 1043 perpendi,

248 1067 304 1153 qui
327 1069 389 1134 viri
413 1070 486 1149 soli,
512 1076 670 1157 quantum
694 1073 772 1153 scio,
788 1072 1008 1141 ‘Reiskianum
1032 1079 1158 1141 textum
1181 1074 1272 1139 vitiis
1287 1096 1365 1157 pnr-

247 1205 324 1270 gare
359 1187 467 1251 conati
505 1193 589 1252 sunt.
638 1188 748 1255 Unum
783 1193 885 1255 restat
908 1212 1097 1255 memorare.
1134 1188 1365 1255 Benevolentia

247 1303 401 1386 praefecti
425 1304 641 1371 bibliothecae
665 1307 830 1373 Leidensis
855 1308 1012 1393 inspicere
1035 1308 1117 1373 mihi
1141 1308 1235 1373 licuit
1258 1329 1363 1373 exem·

247 1417 329 1503 pler,
362 1422 446 1504 quod
483 1420 622 1488 Cobetus
652 1424 687 1487 in
721 1447 819 1490 manu
856 1448 981 1509 semper
1012 1424 1128 1491 habuit
1161 1429 1194 1491 et
1218 1426 1308 1508 cujus
1332 1422 1365 1486 in

247 1535 449 1620 marginibus
490 1539 610 1603 multas
650 1541 851 1624 conjecturas
887 1540 1023 1606 ineditas
1058 1541 1178 1606 inveni.
1227 1538 1278 1604 Ex
1314 1540 1365 1603 hia

249 1646 338 1715 salva
362 1650 458 1735 hujus
483 1652 651 1718 clarissimi
677 1655 740 1720 viri
764 1655 945 1722 reverentia
968 1655 1107 1740 optimas
1132 1660 1165 1720 et
1180 1653 1364 1739 probabiles

248 1766 343 1831 edidi.

745 1937 917 1947 ..ι-...-

296 2066 356 2132 His
380 2067 465 2132 notis
489 2068 611 2134 codices
631 2070 793 2150 indicabo,

211 2187 213 2190 ’
295 2207 328 2269 p.
353 2186 494 2251 codicem
518 2186 710 2252 Parisinum.

295 2301 330 2365 L.
359 2302 498 2367 codicem
522 2302 785 2370 Laurentianum.

297 2416 337 2481 V.
363 2418 503 2483 codicem
528 2418 722 2485 Vaticanum

298 2532 339 2599 U.
366 2535 509 2601 codicem
533 2536 726 2603 Urbinatem

209 2651 230 2713 .’
296 2650 421 2717 Littera
454 2650 495 2718 R.
532 2653 572 2717 ad
603 2652 756 2719 lectiones
791 2654 983 2721 Reiskianae
1004 2656 1154 2723 editionis
1175 2658 1362 2726 indicandas

249 2771 331 2833 utar¹
852 2778 856 2784 “
