3159 5167
806 464 848 529 41

265 678 345 741 κλέα
380 681 438 740 καὶ
479 673 660 759 Μηλόβιον
695 681 754 741 καὶ
789 671 875 751 τούς
909 665 1046 752 ἄλλους,
1079 679 1137 739 καὶ
1160 672 1383 763 παράδειγμα

265 795 344 876 βίου
381 796 565 858 καλλίστου
600 792 751 869 τούτους
786 792 964 858 ἐκέλευσεν
995 780 1178 874 ἡγείσθω
1218 794 1287 856 Καὶ
1310 788 1383 855 τῶν

265 912 326 997 μὲν
361 910 495 996 ἐδεήθη
531 915 823 996 μεταπέμπεσθαι
859 906 945 987 τούς
979 914 1195 985 νεανίσκους,
1234 918 1308 985 τοῖς
1342 908 1384 974 ’δέ

264 1027 464 1116 παρῄνεσεν
489 1026 537 1104 είς
561 1028 716 1105 ἐκείνους
739 1030 879 1111 βλέπειν
903 1033 961 1093 καὶ
986 1036 1142 1104 σκοπεῖν,
1157 1014 1259 1102 ὅπως
1272 1030 1382 1091 διαδί·

264 1144 383 1225 ξονται
419 1142 482 1229 τὴν
517 1150 729 1233 τυραννίδας
769 1145 824 1209 69.
867 1142 1013 1211 Ίοότων
1050 1131 1094 1208 ἃν
1130 1139 1285 1228 ἐπιδείξῃ
1321 1143 1382 1225 (τι)

263 1241 415 1350 ιη’μερον
434 1252 598 1338 Ἄνυτος,
625 1260 757 1338 δίκαιός
770 1262 841 1327 ἐστι
853 1259 1052 1349 κατήγορος
1065 1257 1302 1343 (καὶὶκηδεται
1319 1258 1382 1344 τῆς

264 1377 413 1455 πόλεως,
425 1376 524 1444 εἶκαὶ
536 1381 705 1465 βραδέως·
719 1376 750 1444 εί
762 1383 786 1443 δ
788 1368 800 1392 ’
814 1368 889 1443 άπὸ
904 1376 967 1463 μὲν
980 1376 1116 1466 καιρῶν
1128 1374 1260 1442 ίκανῶν
1273 1373 1381 1455 δεῖξαι

264 1494 371 1578 φόσιν
406 1493 620 1584 τυραννικὴν
645 1487 712 1561 οὐκ
737 1485 779 1561 ἃν
805 1494 951 1562 δόναιτο
974 1492 1038 1561 τόν
1063 1486 1266 1585 ἄνθρωπον
1292 1495 1380 1578 ἐλέγ-

264 1634 347 1695 χειν,
385 1611 495 1690 αἰτίας
532 1612 570 1678 δέ
606 1609 817 1697 συναγαγών
851 1602 918 1677 οόκ
943 1587 1055 1688 οὔσας
1079 1609 1272 1698 παροξύνει
1295 1608 1381 1688 τούς
1482 1609 1484 1613 ’

264 1718 508 1813 ὀμωμοκότος,
543 1724 591 1813 μὴ
631 1731 839 1795 λανθανέτω
871 1724 959 1812 μετὰ
996 1726 1211 1815 Σωκράτους
1235 1718 1381 1806 άδικῶν,

263 1834 327 1921 οὓς
350 1844 526 1932 ἐπιορκεῖν
552 1835 746 1928 ἀναγκάζει.
773 1846 828 1909 70.
860 1849 904 1909 Ἠ
912 1834 979 1909 οὖν
992 1844 1063 1909 ἐστι
1077 1834 1122 1909 δι’
1135 1834 1156 1908 ὃ
1168 1844 1381 1932 γράψασθαι

262 1958 459 2045 τετόλμηκε,
479 1967 554 2031 ,καὶ
594 1950 691 2026 οἴτω
723 1958 1001 2050 τεθαρρηκότως
1031 1958 1242 2044 τηλικαύτην
1267 1958 1379 2057 αἰτίαν
1424 2047 1426 2053 Α

263 2076 469 2162 ἐπηνεγκευ;
507 2066 691 2155 Ἠσιόδου,
727 2084 849 2161 φησὶν,
886 2075 967 2159 ἔπη,
1004 2082 1061 2142 καὶ
1101 2074 1290 2160 Θεόγνιδος
1321 2083 1380 2143 καὶ

262 2182 425 2283 Ὅμηρον
461 2200 518 2260 καὶ
555 2192 628 2260 τῶν
668 2192 852 2282 Πινδάρου
888 2190 1015 2278 μελῶν,
1050 2188 1136 2268 τοῦς
1168 2192 1206 2258 δὲ
1229 2190 1380 2277 ποιητὰς

261 2309 411 2387 κου’τους
442 2316 501 2375 καὶ
535 2308 641 2393 δόξης
664 2316 723 2375 καὶ
746 2308 857 2393 τιμῶν
881 2312 1105 2391 τετυχηκέναι
1126 2310 1229 2396 παρά
1249 2331 1285 2375 τε
1308 2321 1381 2388 τοῖς

263 2416 377 2502 ἄλλοις
401 2433 460 2492 καὶ
484 2414 566 2510 υμῖν
591 2444 690 2510 φησι,
706 2425 846 2492 τούτων
859 2424 932 2491 τῶν
946 2402 1090 2513 άνδρῶν
1102 2424 1379 2509 ἐπιλαμβάνεται,

300 2628 344 2684 68.
365 2631 429 2703 βίιυ
451 2633 605 2693 κακίστου,
625 2644 654 2701 p-
675 2630 740 2701 βίου
761 2590 945 2705 καλλίστου,
965 2625 1027 2683 rell·

299 2727 344 2783 69.
367 2752 407 2793 τι,
437 2723 532 2781 Gasda
559 2724 687 2792 inseruit,
720 2723 805 2786 τοῦτ’
836 2726 870 2786 λιν
901 2722 1048 2799 ἐπιδείξῃ,
1081 2722 1149 2781 cob.
1181 2722 1212 2779 in
1244 2723 1379 2798 margine.

260 2826 319 2892 καλ,
339 2823 398 2881 Jac.
418 2823 556 2881 addidit.'
600 2828 776 2903 ἀναγκάζει,
796 2823 835 2882 U.
854 2823 890 2882 V.
911 2823 952 2893 L„
974 2828 1193 2903 ἀναγκάζεται,
1212 2842 1241 2899 p.
1261 2822 1294 2880 R.

299 3008 343 3068 70.
365 3012 510 3077 Ἠσιόδου,
532 3016 624 3079 certe,
647 3012 700 3075 ’ἐπι
722 3021 794 3071 κτλ.
824 3006 954 3065 Eiumbis
987 3007 1134 3076 sententia,
1155 3008 1243 3085 quam'
1257 3008 1289 3065 in
1307 3007 1380 3065 iute-

258 3126 339 3183 grum
358 3106 506 3166 restituere
524 3108 627 3166 frustra
645 3108 804 3176 moliemur,
835 3113 893 3165 tam
913 3108 988 3166 enim
1008 3108 1093 3166 variis
1113 3108 1325 3166 difficultatibus
1345 3126 1393 3167 ac*

258 3206 335 3265 vitiis
362 3206 466 3265 infecta
495 3213 545 3265 est.
578 3207 637 3265 dac.
666 3208 775 3284 primus
795 3207 889 3265 locum
909 3207 1012 3283 attigit,
1028 3207 1085 3273 sad
1104 3207 1175 3265 mihi
1194 3208 1286 3277 creda,
1306 3229 1378 3287 quae

257 3306 306 3364 ille
325 3306 502 3381 excogitavit,
523 3326 610 3384 aeque
631 3326 662 3364 ac
682 3307 795 3381 vulgata
814 3325 905 3364 avaro
916 3306 1001 3363 nimis
1011 3296 1121 3374 absunt,
1133 3326 1225 3384 neque
1235 3308 1275 3365 ita
1286 3310 1377 3367 multe

257 3404 328 3462 mihi
347 3404 476 3463 codicum
495 3402 619 3463 lectioni
630 3405 832 3482 perspicuitate
850 3411 990 3482 praestare
1011 3404 1153 3463 videntur.
1184 3406 1287 3465 Scribit
1306 3408 1373 3467 ille:

219 3508 221 3513 ’
256 3508 402 3574 Ἠσιόδου,
423 3516 514 3580 pacis,
536 3512 589 3575 ’ἐτη
611 3514 661 3569 καλ
684 3511 840 3584 Θεόγνιδος
861 3516 910 3569 καλ
930 3510 1054 3583 Ὀμήρου
1076 3515 1126 3568 κοιλ
1150 3517 1206 3571 τῶν
1230 3516 1376 3587 Πινδάρου

257 3613 361 3676 μελῶν
375 3606 460 3678 (τοὺς
482 3609 513 3668 δὲ
535 3615 662 3677 τοικτιὶς
684 3612 811 3677 τούτους
833 3616 881 3668 καὶ
902 3607 1051 3681 Σίξκςκαλ
1064 3615 1155 3682 τιμῶν
1168 3614 1371 3683 τετυχηκέναι

257 3710 336 3778 md
358 3730 392 3765 τε
414 3714 478 3773 τοῖς
499 3708 610 3780 ἄλλοις
632 3712 680 3766 καλ
702 3709 769 3775 ἡμῖν
797 3706 878 3792 esrai
901 3710 1014 3766 τούτων
1036 3713 1094 3767 τῶν
1116 3708 1224 3779 ἀνδρῶν
1245 3709 1375 3781 ἐπιλαμ-

257 3804 382 3876 βάνεται
404 3815 485 3869 urm
506 3801 609 3859 deinde
629 3807 761 3859 annotat:
782 3802 861 3859 Haec
881 3801 930 3872 sic,
950 3809 983 3859 ut
1002 3802 1095 3872 aideb,
1112 3803 1268 3871 distincta,
1289 3805 1374 3879 paulo

256 3898 344 3975 magis
362 3900 519 3976 perspicua,
540 3921 624 3978 quam
642 3902 674 3959 in
694 3900 876 3960 editionibus.
898 3900 972 3959 Num
991 3902 1134 3977 genitivus
1154 3911 1251 3975 μελῶν
1269 3902 1376 3979 pendet

256 3997 290 4055 ab
310 3999 412 4057 omisso
433 4008 501 4064 τινί
542 4000 661 4059 Periodo
691 4007 785 4059 autem
811 4020 863 4078 per
891 4002 1072 4078 parenthesin
1090 4002 1256 4079 interrupta,
1276 4021 1375 4060 anaco-

254 4097 345 4156 luthia
364 4097 454 4156 oritur
471 4099 549 4156 haud
567 4080 722 4175 inelegans,
742 4100 890 4158 verborum
913 4104 1054 4158 structura
1069 4102 1218 4177 paululum
1227 4101 1372 4159 immutata

254 4214 305 4273 per
332 4197 449 4255 verbum
479 4196 734 4276 ἐπιλαμβάνεται.
773 4198 912 4257 Omnibus
939 4201 1008 4257 ha'ec
1033 4200 1170 4277 placeant,
1190 4202 1261 4260 mihi
1279 4207 1372 4259 tamen

254 4291 373 4352 Libanic
402 4294 554 4353 admodum
583 4294 702 4371 indigna
721 4295 864 4367 videntur,
885 4296 941 4367 cui,
961 4315 1131 4376 quamquam
1150 4318 1261 4377 semper
1275 4307 1376 4379 πάλος.
