3159 5167
803 489 846 559 5?

264 697 458 785 βλάπτουσι
493 700 580 780 τούς
615 694 812 780 ἀκούοντας
845 691 939 784 ἧκεν,
965 694 1047 767 ἆλλῖ
1074 701 1146 768 τῶν
1171 718 1384 790 περιπεσού-

264 825 393 903 μένων,
430 809 533 896 ὅπως
568 818 615 905 με’
652 823 895 908 διαφθαρεῖεν,
921 819 1105 908 προνοῶν,
1131 811 1296 906 ἀφαιρῶν
1321 815 1385 889 τῶν

267 933 384 1015 δόξαν,
409 925 452 1019 ἣν
478 923 529 1012 ῶς
554 942 637 1024 περὶ
662 935 788 1019 σοφῶν
814 937 920 1019 εἶχον,
945 923 996 1011 ῶς
1021 926 1088 1000 ούκ
1113 925 1155 1000 ἂν
1181 938 1385 1018 δυναμένων

266 1050 403 1137 σοφούςΙ
449 1075 486 1118 τε
535 1051 684 1135 νομίζειν
731 1040 823 1135 ὁμοῦ
865 1058 923 1117 καὶ
957 1049 1004 1136 μη
1042 1050 1217 1116 πιστεύειν
1255 1041 1383 1125 αύτοῖς.

267 1169 342 1233 100.
367 1160 460 1234 Ἀλλ’
491 1161 654 1247 Ἄνυτος,
691 1160 815 1258 ῶσπερ
851 1169 913 1254 τῆς
950 1167 1093 1253 φύσεως
1126 1170 1184 1234 ἐπὶ
1217 1159 1385 1233 τάναντία

265 1291 541 1373 πορευσομένης,
566 1288 602 1352 εί
619 1309 670 1362 τις
682 1278 892 1369 Ἀθηναίων
906 1285 1175 1374 φρονιμώτερος
1189 1277 1383 1369 ἀναφανείη

264 1400 337 1466 τῶν
361 1400 513 1490 ἑτέρωθι
538 1407 776 1486 γεγενημένων
802 1394 958 1490 ἀνδρῶν,
984 1394 1171 1485 ἀγανακτεῖ
1180 1408 1237 1467 καὶ
1251 1401 1384 1467 κελεύει
1412 1395 1416 1404 ’

266 1516 491 1605 παραδοῦναι
515 1529 587 1594 τοῖς
612 1517 746 1595 ἕνδεκα,
772 1524 853 1583 δέον
879 1517 1023 1606 σωτῆρα
1047 1517 1119 1583 τῶν
1133 1523 1222 1583 νέων
1235 1516 1384 1601 νομίζειν

267 1634 303 1698 έν
327 1645 399 1711 τοῖς
423 1641 506 1720 περὶ
530 1634 691 1719 ποιητῶν
715 1635 845 1719 λόγοις.
894 1637 970 1698 110.
998 1632 1094 1700 Ἰδού
1119 1633 1187 1722 γύρ
1212 1652 1250 1699 σε
1275 1633 1380 1699 πάλιν

267 1750 400 1838 ἐρωτῶ.
429 1748 526 1839 Πρὸς
551 1758 627 1817 τίνα
652 1743 865 1842 ἀνθρώπων
888 1749 950 1829 τὰς
974 1744 1062 1841 παρ’
1086 1742 1277 1827 Ὀδυσσέως
1294 1748 1381 1815 κατὰ

266 1864 331 1931 τοῦ
368 1866 483 1951 δημου
519 1865 655 1952 πληγὰς
692 1869 876 1945 ἐπαινέσας
913 1870 1078 1950 ἐπέθηκε·
1111 1874 1169 1932 καὶ
1192 1865 1237 1932 σύ
1260 1872 1381 1932 τοίνυν

266 1981 338 2049 τῶν
373 1984 435 2067 μὲν
471 1990 556 2069 μέγα
594 1984 820 2072 δι’)ναμένων
844 1993 903 2051 οιαὶ
926 1984 1099 2074 λαμπρῶν
1125 1977 1272 2068 ἀπέχου,
1297 1983 1382 2062 τούς
1402 1987 1470 2046 Rsk.
1483 1991 1527 2045 34.

268 2099 305 2164 δέ
329 2107 560 2190 πενεστέρους
585 2101 718 2168 ἔλαυνε.
749 2109 833 2168 Τίνα
858 2102 896 2168 δέ
919 2101 992 2167 τῶν
1008 2092 1053 2167 ού
1066 2100 1174 2167 τοῦτο
1187 2101 1381 2185 πεποιηκό-

266 2237 350 2294 των,
387 2205 437 2293 ῶς
468 2208 703 2296 ἅπειθοῖντα,
728 2217 790 2301 τῆς
815 2215 908 2308 πρὸς
933 2215 1059 2283 ἑαυτὸν
1084 2225 1273 2295 συνουσίας
1298 2209 1380 2283 ἀπέ-

266 2334 415 2404 κλεισεν;
444 2332 488 2397 Εἰ
513 2333 551 2399 δὲ
574 2338 692 2417 λέγεις,
718 2323 827 2400 αύτὸν
851 2335 912 2418 μὲν
931 2326 1137 2415 ἀξιόπιστον
1150 2326 1217 2400 ούκ
1230 2332 1382 2418 ἐνόμιζεν

266 2445 422 2526 ἔσεσθαι,
446 2448 492 2534 τῇ
517 2450 555 2514 δὲ
580 2448 667 2536 δόξη
691 2450 763 2516 τῶν
789 2450 949 2534 ποιητῶν
964 2448 1074 2517 ἐπὶτὸ
1087 2456 1228 2517 πείθειν
1241 2450 1380 2538 ε’χρῆτο,

266 2560 307 2626 τὸ
343 2563 404 2646 μὲν
441 2552 491 2641 ῶς
516 2567 653 2630 ἐναντία
678 2565 799 2648 σαυτῶ
823 2571 932 2649 λέγεις
956 2573 1118 2655 παρίημι,
1143 2567 1222 2632 τοτὲ
1246 2566 1308 2650 μὲν
1331 2553 1381 2641 ῶς

265 2679 543 2768 κατηγοροῦντα,
587 2683 667 2746 τοτὲ
712 2682 749 2747 δὲ
795 2672 845 2759 ῶς
881 2682 1095 2748 ἐπαινοῦντα
1130 2681 1214 2760 τούς
1250 2675 1381 2758 αύτούς

267 2795 472 2877 διαβάλλων,
498 2796 593 2864 πολύ
621 2804 660 2864 δέ
678 2817 735 2864 σοι
759 2800 891 2865 τούτου
916 2799 1022 2884 λόγον
1046 2798 1275 2888 ἰσχυρότερον
1289 2791 1380 2865 ἅντι-

266 2911 384 2996 θησω.
424 2915 500 2976 111.
531 2919 621 3002 Φέρε
646 2912 714 3005 γὰρ
740 2917 799 2981 ἐπὶ
822 2923 899 2981 τίνα
922 2915 994 2982 τῶν
1015 2915 1115 2983 θεῶν
1139 2918 1175 2982 ἑν
1198 2927 1270 2993 τοῖς
1296 2908 1380 3001 ἄδη-

266 3032 338 3106 λοις
361 3032 636 3116 καταφεύγομεν,
662 3040 719 3098 καὶ
743 3031 844 3122 παρὰ
868 3033 934 3099 τοῦ
958 3025 1111 3117 τάληθὲς
1124 3022 1217 3120 ύπέρ
1230 3031 1380 3098 ἑκαστον

265 3147 515 3233 μανθύνομενς
533 3142 607 3216 oin
632 3151 689 3215 ἐπὶ
714 3148 776 3216 τὸν
799 3148 844 3216 τὰ
867 3156 953 3234 μέσα
976 3150 1040 3235 τῆς
1057 3149 1123 3236 γῇς
1136 3152 1194 3216 ἐπὶ
1205 3155 1380 3232 μαντείαις

304 3312 367 3367 199.
388 3318 598 3387 πορευτομένης
629 3332 680 3387 pro
711 3317 913 3388 πορευομένης,
942 3332 970 3388 p.
1029 3315 1061 3372 δὲ
1089 3323 1214 3386 σωτῆρα,
1242 3310 1285 3381 Β,
1318 3315 1380 3374 δέου

266 3418 389 3484 σωτῆρα,
409 3411 471 3467 rell.

305 3511 368 3566 110·
391 3521 444 3581 τῆς
475 3509 543 3584 παρ’
574 3514 670 3590 ἑαυτῷ
701 3517 865 3584 συνουσίας,
900 3513 933 3570 R.
993 3516 1183 3588 ἰσχυρότερον
1213 3509 1310 3567 malim
1329 3528 1380 3586 pro

266 3611 397 3683 iexvpdm

304 3708 368 3764 111.
391 3715 470 3780 παρὰ
493 3713 601 3769 τούτου
622 3728 673 3783 pro
694 3719 773 3786 παρὰ
796 3718 859 3779 τοῦ,
879 3710 913 3768 R.

305 3857 368 3911 110.
390 3859 529 3923 ἐπέθηκε.
551 3854 652 3913 Parum
671 3855 790 3914 feliciter
809 3857 837 3914 in
859 3879 923 3918 ann.
944 3858 1038 3915 Reisk.
1067 3863 1194 3927 ἐπένησε
1215 3855 1382 3933 suspicatur,

265 3957 356 4028 neque
375 3953 499 4009 ommino
520 3953 649 4011 codicum
660 3955 810 4012 lectionem
820 3955 923 4012 mutari
933 3974 1046 4013 necesse
1057 3962 1107 4013 est.
1129 3955 1240 4012 Etenim
1252 3954 1276 4011 si
1286 3955 1380 4012 locum

264 4052 407 4121 vertimus,
430 4053 503 4110 nihil
522 4053 698 4136 desideratur
727 4074 820 4131 neque
849 4055 1003 4112 insolenter
1023 4055 1129 4112 dictum
1150 4060 1200 4111 est.
1220 4053 1380 4111 Vertendus

265 4151 346 4208 nobis
374 4151 453 4209 locus
484 4159 526 4210 est
551 4154 603 4212 ita:
635 4153 722 4230 Apud
742 4173 834 4230 quem,
855 4157 958 4230 Anyte‚
979 4155 1112 4229 injuriam
1131 4153 1166 4210 ab
1186 4152 1287 4230 Ulysse
1307 4172 1381 4210 com·

265 4249 376 4306 missam
396 4249 523 4308 laudavit
541 4251 683 4310 Socrates?
704 4253 782 4309 Num
802 4252 928 4310 addidit:
949 4252 993 4309 Tu
1013 4273 1125 4331 quoque
1145 4257 1380 4329 manusapoten·

264 4345 383 4406 tioribus
403 4347 531 4406 abstine?
