3159 5167
765 504 810 569 40

227 708 373 798 πρῖιγμα
420 708 628 796 συνέθηκεν,
665 701 716 790 οἷς
753 714 821 800 [ἐν]
860 705 956 798 ὄχλῳ
991 712 1054 799 μὲν
1090 704 1159 779 σιίι
1198 704 1341 785 εἰωθώς

227 825 397 916 χρῆσθαι,
432 827 505 894 τῶν
540 820 577 895 δ’
601 821 722 896 aiano
759 831 904 908 ἐκείνοις
940 828 1142 914 ἐπιθυμῶν.
1190 816 1341 915 Ἰδτέρου
1438 912 1442 917 .

226 943 337 1010 ταῦτα
372 935 427 1030 ἦν,
464 944 531 1012 τοῦ
566 951 625 1012 καὶ
659 945 731 1013 τῶν
767 951 1005 1036 τετρακοσίων
1041 942 1131 1023 ἐνὸς,
1155 950 1212 1011 καὶ
1236 941 1342 1026 λάχον

225 1050 387 1152 ὕστερον,
411 1051 463 1128 ein
488 1060 606 1143 ἔδοξεν
621 1054 762 1142 άδικείν,
777 1061 987 1140 δεδωκότος·
1006 1061 1199 1150 Σωκράτης
1212 1051 1248 1127 δ’
1260 1052 1342 1127 οὕτε

227 1184 409 1263 φυομένου
433 1178 665 1265 συνεφήψατο
688 1178 755 1246 τοῦ
780 1178 999 1268 πράγματος,
1025 1168 1103 1245 οὔτ’
1128 1169 1343 1263 ἀκμάζοντος

228 1294 470 1379 ἐκοινώνησεν,
507 1288 589 1362 οὕτε
625 1301 880 1385 πεπραγμένου
903 1301 1070 1384 κέκριται.
1110 1296 1166 1360 67.
1195 1283 1249 1360 Οὔ
1272 1289 1341 1378 μὴν

227 1404 312 1479 οὐδὲ
355 1412 571 1501 τερπόμενάς
605 1405 639 1498 γ’
675 1413 788 1499 ἐφάνη
825 1414 915 1480 ποτέ
953 1413 999 1500 τῇ
1033 1411 1249 1498 μεταστάσει,
1284 1416 1342 1476 καὶ

226 1526 482 1612 σννενχι’μενος
516 1540 590 1607 τοῖς
626 1529 746 1613 ’έχουσι
778 1527 844 1615 τήν
867 1521 994 1620 άρχην,
1018 1519 1070 1606 αἶς
1091 1520 1134 1594 άν
1156 1550 1209 1605 τις
1234 1531 1342 1614 δειλίᾳ

225 1642 287 1726 μέν
323 1643 467 1728 φεύγων
503 1642 569 1730 τὴν
604 1652 807 1724 κοινωνίαν,
848 1651 1006 1735 πονηρίᾳ
1043 1644 1082 1711 δέ
1115 1649 1253 1733 χαίρων
1288 1641 1342 1725 τῷ

225 1758 344 1838 κακῶς
379 1760 528 1846 πάσχειν
564 1758 628 1828 τὸν
653 1762 776 1848 δῆμον.
817 1754 870 1830 Οὐ
893 1769 1014 1829 τοίνυν
1039 1752 1125 1827 eride*
1147 1760 1221 1825 τῶν
1244 1758 1341 1847 τριά·

225 1896 332 1941 κοντα
367 1867 412 1962 ἦν
444 1869 525 1944 οὔτε
562 1878 761 1968 συνάρχων,
796 1870 873 1945 οὔτ’
906 1879 1100 1961 ἐπαινέτης,
1127 1866 1199 1941 ἄλλ’
1224 1864 1341 1952 οὕτως

224 1981 291 2056 οὐκ
328 1984 479 2081 ἤρεσκον
524 1985 693 2080 ἀλληλοις,
718 1985 815 2062 ὥσθ’
840 1984 860 2060 ὁ
881 1995 943 2080 μὲν
967 1993 1154 2082 κατηγόρει
1178 1993 1252 2059 τῶν
1276 1982 1342 2058 ὑπ’

224 2109 366 2175 ἐκείνων
393 2118 666 2200 πραττομένων,
704 2117 849 2202 Κριτίας
886 2112 926 2178 δέ
961 2100 982 2178 ὁ
1017 2109 1183 2196 μαθητής
1220 2132 1257 2176 τε
1281 2115 1339 2175 καὶ

223 2229 324 2308 φίλος
348 2226 447 2312 σιγῆς
471 2227 611 2313 ἐτιμᾶτο
635 2228 687 2313 τῷ
712 2229 924 2313 διδασκάλῳ.
950 2230 1006 2294 68.
1019 2221 1145 2295 Ἔστιν
1158 2218 1224 2293 οὖν
1237 2216 1339 2303 ὅπως

224 2331 424 2430 ἄνθρωπος
437 2337 657 2434 ’τυραννικὸς
682 2337 847 2412 άποῦσαν
870 2344 932 2429 μέν
944 2344 1197 2420 κατασκευαζοι
1215 2334 1258 2408 ἃν
1271 2339 1335 2427 την

223 2464 426 2548 τυραννίδα,
463 2461 632 2551 παρούσῃ
671 2453 708 2527 δ’
746 2454 910 2546 ἄχθοιτο·
934 2468 992 2527 καὶ
1015 2467 1183 2549 τέρποιτο
1207 2458 1270 2545 μέν
1295 2449 1337 2524 ἃν

226 2572 308 2642 ἰδεῖν
346 2566 480 2666 ἄκυρον
522 2578 596 2644 τῶν
636 2578 855 2668 πραγμάτων
895 2575 957 2644 τὸν
999 2578 1122 2662 δάμον,
1163 2563 1261 2665 ὁρῶν
1302 2573 1340 2642 δέ

78 2697 146 2759 Rsk.
159 2703 204 2759 21.
225 2692 413 2783 λυποῖΙτος
456 2694 536 2761 Ποῦ
575 2702 695 2762 τοίνυν
720 2684 741 2761 ὁ
764 2693 1129 2784 τυραννοδιδάσριαλος
1154 2690 1339 2773 ἐπίδειξον.

221 2799 343 2891 ’Ἃγων
366 2808 578 2889 τοὺςνέους
600 2800 664 2897 ἧκε
688 2808 788 2901 παρὰ
813 2809 875 2878 τὸν
900 2813 1138 2901 Δρακοντίδην
1160 2815 1219 2875 καὶ
1238 2814 1340 2898 Περι·

263 3033 308 3089 66.
329 3029 369 3104 ἐν,
387 3032 479 3090 delevi
498 3052 550 3091 nee
569 3053 634 3092 eum
652 3033 748 3093 Reisk.
768 3033 800 3091 in
819 3038 855 3096 aa
875 3033 991 3092 mutavi.

265 3134 310 3193 67.
331 3129 495 3209 ἐπιχαίρειν
515 3158 566 3215 pro
587 3140 695 3210 χαίρων
716 3133 832 3190 fortasse
851 3131 1032 3190 scribendum
1052 3139 1104 3192 est.
1159 3133 1209 3196 ὑπ’
1229 3138 1339 3201 dictim

225 3243 410 3313 mappam
428 3257 466 3314 p„
487 3246 705 3315 πραττομένων,
725 3240 786 3298 rell.
848 3250 935 3327 τιμῆς
957 3238 1099 3316 ε’τιμῖιτο,
1117 3238 1209 3309 codd„
1230 3247 1339 3311 ποινῆς,

223 3332 281 3393 Jae.
303 3346 399 3411 τιμῆς,
420 3337 488 3396 coh.

263 3438 307 3495 68.
328 3446 377 3499 aa}
408 3426 558 3516 τέρποιτο,
578 3440 621 3511 R„
642 3440 745 3498 desunt
763 3440 795 3497 in
813 3460 841 3517 p.
863 3440 895 3498 L.
916 3440 953 3498 U.
976 3440 1020 3508 V„
1043 3447 1090 3502 καὶ
1112 3443 1249 3517 εὔχοιτο,
1267 3437 1338 3497 coh.

261 3635 306 3698 67·
328 3647 412 3714 σιγῆς
433 3640 573 3711 ἐτιμᾶτο.
593 3638 651 3697 Gur
670 3638 800 3697 omnibus
820 3638 883 3697 aliis
902 3638 1005 3697 cobeti
1024 3638 1338 3698 emendationemante-

222 3752 335 3809 ponam,
357 3734 384 3793 ei
403 3736 518 3811 patebit,
539 3737 590 3814 qui
609 3736 738 3815 Xenoph.
759 3737 880 3796 Memor.
900 3740 925 3797 Ι.
946 3742 963 3796 2
984 3758 1048 3797 omn
1068 3737 1338 3797 hoelooooonieret.

262 3836 307 3892 68.
328 3846 376 3897 καὶ
400 3845 547 3913 τέρποιτο.
567 3836 727 3894 Utevariis
736 3837 906 3896 lectionibus
916 3838 1054 3909 videmus,
1067 3838 1169 3897 desunt
1177 3839 1246 3897 haee
1260 3857 1339 3895 voea-

222 3933 289 3992 bula
307 3933 413 4011 ubique
424 3942 617 4013 praeterquam
628 3937 659 3993 in
669 3937 701 3994 R.
723 3938 753 3995 Si
763 3938 851 4013 igitur
860 3939 999 3996 sententia
1008 3938 1104 4015 inepta
1113 3939 1158 3995 vel
1168 3957 1252 3997 sensu
1263 3955 1340 3994 nassa

222 4038 273 4102 est,
294 4032 371 4110 quod
390 4051 472 4090 nemo
492 4033 535 4090 nti
555 4032 639 4091 oredo
660 4033 777 4103 dubitat,
799 4054 856 4093 non
875 4036 999 4094 severius
1010 4036 1133 4111 adleges
1144 4035 1257 4094 criticae
1269 4034 1337 4092 artis

222 4134 432 4193 emendationes
453 4136 605 4212 exigendas
625 4156 694 4206 esse,
716 4158 750 4196 ex
769 4138 814 4207 iis,
835 4158 907 4215 quae
925 4138 962 4196 od
983 4140 1041 4213 §52
1054 4137 1336 4208 συνταράσσονται,

221 4235 361 4311 pauloque
380 4236 576 4312 propensiores
596 4255 693 4292 sumus
713 4236 749 4295 ad
768 4237 837 4294 alias
856 4237 993 4294 lectiones
1013 4236 1210 4295 admittendas.
1244 4235 1359 4292 Quam

222 4333 257 4390 ob
278 4353 389 4392 eausam
408 4334 507 4392 Oobeti
526 4334 685 4393 emendatio
706 4343 754 4398 καὶ
777 4340 898 4413 εὔχοιτο
919 4335 1012 4405 habet,
1033 4355 1089 4412 quo
1109 4354 1139 4392 se
1149 4332 1335 4393 commendet.
