3159 5167
761 478 804 543 30

224 691 348 758 τόπων
383 690 469 769 τούς
507 680 560 756 ὅτι
597 694 783 783 πλείστους
820 689 1081 773 συναγαγόντας
1117 682 1343 780 ἀνθρώπους

225 799 315 899 ἀνὴρ
339 800 462 894 ἠγάπα
485 814 544 873 καὶ
567 807 743 873 τοσοῦτον
769 798 891 890 ἀπεῖχε
914 806 981 871 τοῦ
1008 813 1142 896 χαίρειν
1165 819 1239 885 ταῖς
1263 809 1341 896 ἐρη-

223 934 327 1011 μίαις,
360 917 451 991 ῶστε
483 925 614 1011 μᾶλλον
640 916 682 990 ἀν
708 948 759 1001 τις
784 916 897 989 αάτοῦ
920 921 963 988 τὸ
985 921 1030 988 τὰ
1053 923 1178 1008 πλήθη
1203 924 1342 991 διῶκειν

224 1044 288 1110 νῦν
313 1035 370 1109 ἐπ’
393 1043 504 1110 αἰτίαν
529 1035 659 1128 η’γαγεν
684 1032 708 1127 ἢ
732 1040 774 1107 τὸ
798 1053 871 1117 τοῖς
894 1046 986 1118 νέοις
1003 1033 1343 1130 οὖδενόςπαρόντος

225 1148 365 1244 ὁμιλεῖν.
405 1156 466 1236 Εἷς
499 1149 565 1224 οὖν
598 1148 698 1242 ἦσθα
721 1156 795 1222 τῶν
821 1147 1028 1221 ἀκουόντων
1051 1161 1109 1220 καὶ
1132 1152 1196 1220 τάν
1221 1154 1343 1240 ζημίαν

226 1269 292 1343 οὐκ
329 1270 557 1361 ἀγνοούντων
594 1282 653 1339 καὶ
688 1272 855 1363 φανερῶς
891 1264 971 1357 ἐφ’ὃ
1001 1283 1114 1360 χωρεῖ
1132 1269 1173 1338 τὸ
1196 1272 1344 1359 πρᾶγμα

149 1422 151 1427 ·
226 1398 425 1459 συνιέντων.
465 1390 520 1456 45.
552 1397 596 1456 Τί
612 1381 678 1457 οὖν
703 1390 773 1456 ἔδει
796 1388 859 1455 τόν
884 1381 1014 1455 εένουν
1037 1400 1167 1467 ποιεῖν;
1194 1381 1342 1473 ἀγανακ·

224 1520 306 1586 τεῖν,
329 1509 428 1592 βοᾶν,
442 1506 489 1595 μη
509 1490 645 1575 διδόναι
657 1508 710 1591 τῶ
722 1507 823 1590 κακῶ
834 1507 997 1589 βαδίζειν,
1011 1499 1137 1597 ἄνδρες
1152 1500 1341 1604 Ἀθηναῖοι

224 1630 346 1709 λέγειν,
382 1627 441 1691 ἐπὶ
475 1623 560 1702 τούς
596 1625 729 1709 νόμους
767 1616 869 1691 ἀσκεῖ
905 1624 1099 1713 Σωκράτης
1121 1624 1206 1703 τοὺς
1229 1632 1342 1705 νέους,

225 1731 248 1828 ἦ
284 1746 443 1807 πολιτεία
476 1740 729 1819 κινδυνεύεται,
755 1745 902 1829 θρασεῖς
925 1730 1006 1825 ὑμῖν
1029 1748 1088 1807 καὶ
1110 1740 1344 1831 τυραννικοὺς

224 1865 282 1924 καὶ
317 1850 522 1947 ἀφορήτους
557 1864 616 1922 καὶ
651 1856 693 1922 τό
731 1859 808 1922 ἴσον
840 1845 1097 1945 ὑπερορῶντας
1129 1845 1345 1943 ἀσοφιστης

78 1984 148 2045 Bsk.
160 1987 205 2042 14.
228 1966 451 2063 ἀνθρώπους
476 1981 690 2063 δημιουργεῖ.
720 1966 773 2041 Οὐ
796 1971 1035 2059 κωλάΙσομεν,
1066 1968 1133 2041 οἰκ
1157 1970 1342 2063 ἐπισχήσο-

225 2114 299 2175 μεν,
324 2082 391 2157 οόκ
416 2091 626 2176 ἐκβαλοῦμεν
650 2090 778 2157 τοῦτον
804 2098 890 2180 πρὶν
913 2089 979 2178 την
1002 2092 1075 2159 τῶν
1099 2094 1219 2178 νόμων
1244 2092 1344 2182 ι’σχύν

227 2207 431 2290 ἐκβαλοῦσιν
481 2211 514 2274 οἱ
550 2207 650 2297 παρὰ
675 2209 818 2274 τούτου
853 2208 1082 2297 τρεφόμενοι;
1134 2203 1239 2276 Ταῦτ’
1276 2210 1344 2277 ἐδει

227 2328 349 2405 λέγειν,
381 2320 555 2410 καὶπρὸς
579 2322 697 2406 τούτῳ
720 2328 758 2388 τί
777 2334 892 2389 ποιεῖν
911 2316 1084 2401 ’Ἀνυτονς
1117 2326 1344 2412 γραφόμενον

226 2448 343 2515 κινεῖν,
368 2437 398 2503 εί
420 2436 468 2524 μῂ
493 2428 600 2515 αὐτός
624 2430 659 2522 γ’
682 2438 857 2521 ἐβούλετο.
895 2440 950 2504 46.
973 2431 1044 2506 Ἠν
1079 2440 1240 2519 βασιλεὺς
1263 2431 1344 2528 ἡμῖν
1388 2422 1394 2428 ’

228 2546 354 2642 [ἀρχῇ]
391 2561 450 2619 καὶ
484 2552 546 2620 τόν
584 2547 687 2621 ἀλλον
725 2545 864 2620 ἅπαντα
901 2556 1044 2645 χρόνον,
1076 2550 1217 2637 Ἄνυτε,
1255 2550 1344 2645 ἦσαν

231 2661 462 2754 Εὐμολπίδαι,
498 2661 541 2754 ἦν
580 2662 699 2737 ἅπασα
737 2660 859 2763 ἀπλῶς
895 2662 917 2757 ἡ
955 2681 1038 2760 περὶ
1073 2671 1139 2760 τὴν
1169 2666 1345 2758 εὐσέβειαν

228 2785 379 2872 φυλακή.
415 2789 503 2870 Λέγε
540 2785 585 2873 δη
617 2796 774 2854 τουτοισὶ
797 2787 862 2875 την
887 2788 999 2856 αἰτίαν
1024 2790 1087 2876 τῇς
1110 2792 1341 2878 βραδυτῆτος.

227 2894 446 2991 Ἀπράγμων
483 2894 594 2988 ᾖσθα.
634 2910 703 2978 Καὶ
732 2902 808 2990 Ιμην
840 2893 864 2990 ἡ
890 2912 968 2970 νυνὶ
991 2906 1200 2995 παρασκευὴ
1224 2917 1283 2975 καὶ
1304 2905 1347 2974 τό

227 3016 378 3103 μηδενός
414 3009 612 3102 ἀπέχεσθαι
646 3018 739 3109 πρὸς
762 3018 805 3085 τὸ
827 3018 891 3086 τόν
916 3013 1118 3111 ἄνθρωπον
1144 3017 1346 3113 ἀναρπάσαι

227 3135 301 3201 πᾶν
323 3126 531 3201 τούναντίον
556 3149 736 3226 μαρτυρεῖ.
758 3129 855 3203 Ἀλλ’
881 3130 988 3204 οὔπω
1003 3130 1067 3206 τάν
1081 3141 1194 3228 δῇμον
1207 3144 1345 3227 ἐφίλεις,

227 3258 286 3318 καὶ
322 3249 380 3317 διά
415 3243 512 3316 τοῦτ’
543 3244 615 3341 Ιοὐκ
653 3246 730 3337 ᾤου
768 3260 838 3320 δεῖν
876 3255 1084 3343 φροντίζειν,
1121 3260 1157 3324 εἴ
1186 3280 1276 3337 τινες
1300 3258 1347 3337 εἰς

229 3360 359 3459 ἀνδρας
384 3369 549 3446 ἐλθόντες
573 3372 611 3435 ἐκ
635 3370 807 3458 πονηρῶν
833 3363 1069 3457 ἀκουσμάτων
1091 3376 1347 3443 καταλύσουσιν

229 3477 347 3551 αὐτόν.
384 3487 439 3549 47.
480 3485 640 3575 Πότερον
677 3488 716 3552 σέ
750 3487 813 3572 μὲν
851 3494 906 3553 δεῖ
924 3503 1132 3581 κατηγορεῖν
1155 3491 1284 3559 τοῦτον
1310 3484 1345 3559 δ’

229 3591 484 3690 ἀποθνήσκειν,
521 3594 545 3689 ἢ
581 3601 643 3669 τόν
679 3604 742 3688 μὲν
779 3594 831 3670 ῶν
856 3605 1004 3703 ἔβλαπτε
1041 3608 1079 3673 σε’
1104 3609 1152 3685 δέ,
1177 3598 1230 3674 ῶν
1255 3589 1346 3693 ἔχων

229 3722 377 3804 ἐλέγχειν
416 3724 604 3810 ἐπέτρεπες
642 3713 783 3798 ἀδικεῖν,
821 3712 963 3806 ι’·πίχειν
998 3730 1117 3809 δίκην;
1160 3724 1256 3791 Μετὰ
1280 3725 1348 3816 γὰρ

266 3917 312 3971 44.
334 3917 381 3976 ότι
404 3922 578 3984 πλείστους,
599 3918 645 3975 ότι
668 3933 683 3971 e
703 3914 737 3971 L.
757 3919 786 3971 et
805 3915 841 3973 U.
862 3915 953 3973 edidi.
1011 3926 1210 3994 συνάγοντας,
1230 3920 1264 3978 Β.

266 4017 312 4070 45·
334 4020 413 4090 παρὰ
435 4020 542 4086 τούτῳ.
562 4012 598 4070 U.
620 4013 655 4071 V.
715 4022 766 4075 τὶν
788 4020 980 4092 γραψάμενοι,
999 4017 1035 4074 U·
1057 4017 1091 4078 V.

267 4116 313 4170 46.
335 4118 424 4188 νἰρχέ,
443 4113 561 4169 inclusit
580 4112 648 4170 Oob.
708 4124 756 4175 καὶ
779 4122 899 4187 μηλενῖς
921 4115 1111 4194 ἀπέχεσθαι,
1131 4120 1165 4176 R.

266 4214 312 4272 47.
334 4217 455 4288 πότερον
486 4213 542 4281 οὖν,
572 4212 640 4269 Gob.
662 4213 693 4270 in
711 4234 798 4290 marg.
859 4216 952 4275 Verba
970 4216 1039 4279 inde
1059 4218 1094 4274 ab
1114 4224 1239 4295 ὑπέχειν
1258 4239 1349 4300 usque

229 4316 265 4385 ad
284 4317 372 4391 παρόν
393 4317 424 4375 in
443 4338 471 4394 p.
492 4337 548 4375 non
569 4323 687 4379 exstant.
