3159 5167
753 456 796 526 14

217 668 385 755 φεύγοντι
410 665 666 756 συνηγορήσων
687 665 820 754 μᾶλλον
846 657 973 754 ἀνέβην
996 653 1020 751 ἢ
1042 662 1117 731 τῶν
1141 653 1221 748 ὑμῖν
1244 679 1329 751 συμ-

217 785 401 877 φερόντων
446 782 683 875 ποιησάμενος
719 781 906 873 πρόνοιαν.
967 783 999 847 6.
1048 781 1228 871 Σωκράτει
1271 782 1333 868 μὲν

218 894 295 983 οὖν,
333 892 365 971 αἶ
399 892 535 989 ἄνδρες,
571 896 705 990 βραχύς
728 898 796 965 τοῦ
820 896 984 965 θανάτου
1008 896 1123 982 λόγος,
1148 888 1229 964 οὔτε
1252 895 1321 988 γάρ

218 1022 254 1089 ἐν
280 1016 331 1101 οἱς
356 1008 409 1085 ἀεὶ
433 1014 546 1103 ζητῶν
573 1019 721 1095 διετέλει,
745 1014 812 1081 τοῦ
836 1013 898 1100 ζῆν
921 1012 963 1080 τό
986 1013 1157 1081 τεθνάναι
1174 1014 1332 1101 χαλεπω-

135 1150 138 1153 “
216 1158 320 1225 τερον
344 1124 436 1225 εὗρε,
460 1132 523 1203 τόν
546 1155 584 1200 τε
608 1131 846 1221 κεκρατηκότα
870 1131 944 1199 τῶν
968 1121 1122 1217 ἡδονῶν,
1155 1121 1208 1198 ὧν
1233 1131 1333 1200 ἐνεκα

217 1251 279 1337 ζῆν
315 1248 553 1335 ἐπιθυμοῦσιν
591 1250 624 1317 οί
655 1252 792 1326 πολλοί,
823 1254 882 1314 καὶ
917 1246 981 1333 την
1018 1250 1163 1317 ἐνθένδε
1186 1249 1332 1334 μετανά-

218 1386 337 1435 στασιν
364 1357 497 1453 ἀνάγκη
522 1363 655 1454 ῥᾳδίως
678 1370 810 1454 φέρειν.
839 1368 869 1431 7.
892 1356 975 1430 Ἴδη
1001 1364 1039 1430 δέ
1064 1362 1115 1443 οἷς
1140 1356 1208 1432 οάκ
1222 1356 1333 1450 ὀλίγοι

217 1483 289 1551 τῶν
324 1482 489 1573 φανεραῖς
525 1473 745 1551 ἀδικούντων
780 1480 834 1564 τῷ
857 1503 894 1547 τε
918 1472 1006 1571 παρ’
1031 1470 1132 1567 ὑμῶν
1157 1482 1242 1567 ἐλέῳ
1274 1489 1333 1548 καὶ

219 1597 367 1689 δάκρυσι
390 1609 462 1676 τοῖς
486 1586 605 1671 αιῗτῶν
629 1578 688 1667 καὶ
711 1603 852 1665 παίδων
875 1599 1033 1677 ἱκετείαις
1056 1586 1207 1688 εὕροντο
1221 1615 1332 1683 σωτη-

218 1720 309 1805 ρίαν,
332 1715 506 1783 τοσοῦτον
531 1706 663 1803 ἀπέσχε
688 1712 746 1781 διά
769 1714 909 1782 τούτων
933 1703 1043 1795 αὐτόν
1067 1713 1330 1801 ἐξαιτήσασθαι,

161 1887 166 1895 .
218 1821 303 1901 ὥστ’
339 1824 408 1921 ἤδη
444 1830 540 1911 τινάς
575 1821 676 1918 ὑμῶν
709 1822 876 1919 ᾐσθόμην
900 1830 1118 1920 τραχύτερον
1143 1832 1332 1916 ἐσχηκότας

219 1946 313 2037 πρὸς
357 1939 466 2018 αὐτόν
506 1948 559 2033 τῷ
594 1953 715 2035 μηδενὶ
750 1947 889 2015 τοτ’των
933 1939 1081 2027 ἀξιῶσαι
1118 1947 1333 2037 χρησασθαι.

220 2063 251 2129 8.
275 2055 374 2149 Ἐγώ
412 2055 496 2134 δὀὔ
532 2060 590 2130 διά
623 2064 731 2133 τοῦτο
761 2063 835 2149 τῆςΙ
854 2070 1068 2154 συνηγορίας
1089 2054 1255 2149 ἀπέστην,
1280 2054 1334 2130 ὅτι

219 2178 364 2269 σμικράς
402 2168 422 2247 ὁ
454 2180 658 2265 λειπόμενος
696 2180 877 2270 Σωκράτει
914 2180 1055 2271 χρόνος,
1081 2170 1113 2263 ᾦ
1136 2187 1195 2247 καὶ
1219 2181 1332 2266 φόβος

223 2288 339 2377 οέδεὶς
362 2297 425 2377 τῆς
449 2298 620 2385 τελευτῆς,
645 2290 730 2365 ἀλλά
755 2294 850 2364 πολύ
873 2297 1004 2383 μᾶλλον
1027 2287 1224 2384 ηγοάμενος
1247 2304 1333 2388 πρέ-

224 2436 305 2482 πειν
329 2410 392 2481 τόν
416 2413 581 2481 τοιοῦτον
605 2413 649 2501 τῇ
662 2415 766 2500 φύσει
778 2414 886 2499 μηδὲν
900 2405 1030 2492 ἀδίκως
1046 2416 1083 2481 ἐν
1096 2404 1175 2500 ὖμῖν
1187 2420 1332 2483 παθείν·

219 2538 277 2600 καὶ
302 2520 372 2616 ἀμα
395 2531 461 2600 τοῦ
484 2528 532 2619 μη
557 2530 671 2599 πολλὰ
694 2531 841 2600 τοιαῦτα
871 2533 908 2599 ἐν
931 2532 977 2621 τῇ
1000 2533 1101 2600 πόλει
1124 2533 1333 2617 τολμᾶσθαι,

219 2639 307 2735 μηδ’
333 2639 590 2734 ἀναγκάζεσθαι
625 2647 711 2727 τούς
741 2649 804 2733 μέν
829 2648 1031 2727 δικάζοντας
1056 2641 1202 2733 ἀσεβεῖν,
1232 2650 1335 2737 κοινῇ

222 2757 257 2833 δ’
282 2757 419 2846 ἀδοξεῖν
456 2763 566 2852 (τούς)
599 2757 829 2851 Ἀθηναίους,
862 2766 1171 2855 παρεκελευσάμην
1195 2765 1335 2851 ἐμαυτῷ

219 2880 284 2969 την
319 2875 472 2951 Ἀνάνου
505 2890 743 2970 συκοφαντίαν
768 2881 911 2967 ἐλέγξαι.
942 2883 1055 2951 Ἰοὗτο
1081 2884 1119 2952 δέ
1142 2874 1268 2970 γένοιτ’
1293 2872 1335 2949 ἀν

220 2990 321 3087 ὑμῶν
358 2992 498 3067 ἀκούειν
530 2991 687 3084 εὐμενῶς
713 2999 925 3067 ἐθελόντων.
974 3002 1006 3068 9.
1035 3004 1105 3067 Καὶ
1128 2997 1198 3089 γὰρ
1222 2999 1253 3067 εί
1273 3000 1335 3085 μέν

120 3146 124 3160 ·
221 3121 395 3206 ἐμπείρως
420 3117 511 3203 ἔχων
535 3117 608 3185 τῶν
631 3118 763 3194 ἐντοῖς
788 3121 1024 3204 δικαστηρίοις
1047 3115 1163 3199 λόγων
1191 3114 1334 3203 Σωκρά-

220 3258 282 3319 της
318 3231 420 3323 πρός,
446 3232 509 3309 τὰς
544 3233 683 3300 τούτων
726 3229 952 3321 παρασκευὰς
986 3229 1114 3311 ἱκανοῖς
1150 3234 1334 3318 ἐτόγχανεν

220 3344 466 3437 ἦνωνῐῦμένθς,
503 3352 587 3427 ἴσως
623 3340 666 3416 ἃν
703 3338 783 3435 ἐμίν
808 3349 955 3439 ἐξήρκει,
980 3341 1068 3438 παρ’
1092 3351 1227 3417 ἐκείνου
1251 3356 1335 3440 περὶ

260 3576 286 3630 6.
307 3582 359 3648 μὲν
380 3578 488 3636 τοίνυν.
505 3542 544 3648 μ,
565 3585 618 3648 μὲν
640 3571 695 3639 οὖν,
716 3570 753 3629 U.
774 3570 810 3629 V.
830 3571 863 3629 L.
921 3562 1148 3648 μετανάστασιν
1167 3594 1219 3652 pro
1241 3578 1336 3645 μετί-

221 3702 338 3745 ovam,
358 3674 427 3734 Gob.

260 3778 285 3837 7.
306 3778 424 3852 εὕροντο
444 3798 496 3856 pro
516 3774 607 3851 εὗρον,
625 3794 654 3850 p.

260 3880 286 3937 8.
307 3886 356 3939 καὶ
377 3881 468 3953 φόβος
489 3900 539 3957 pro
559 3879 578 3952 ὦ
598 3886 648 3940 καὶ
669 3881 770 3953 φόβος,
791 3898 820 3954 Ρ·
840 3877 872 3935 11·
932 3889 969 3955 τῇ
982 3884 1076 3951 φάσει,
1087 3878 1228 3936 recentior
1237 3897 1337 3935 manus

219 3980 252 4038 in
271 3981 303 4039 L.
323 4000 393 4041 corr.
414 3992 468 4053 τὴν
489 3987 586 4057 φάτιν.
646 3986 717 4055 νοός
737 3988 803 4042 anto
824 3977 1004 4052 Ἀθηναίους
1024 3980 1141 4038 inserui.

261 4182 288 4241 7.
317 4177 529 4259 Gompmndus
558 4185 601 4239 est
628 4178 769 4259 imprimis
798 4178 957 4258 Xenophon
985 4178 1017 4238 in
1044 4178 1131 4240 Mem.
1151 4177 1203 4239 IV.
1222 4179 1250 4251 4,
1271 4181 1289 4235 4
1309 4184 1338 4239 et

221 4276 252 4339 in
271 4277 356 4359 Apol.
377 4281 404 4341 4.
