3159 5167
762 465 803 527 17

146 667 149 672 ’
219 693 304 752 των,
327 663 384 755 ἐφ’
397 669 449 749 οἷς
461 662 484 757 η
497 678 620 761 κρίσις,
634 662 657 757 ἢ
670 672 845 750 σωσοντες
857 662 880 758 ἢ
894 672 1115 750 κολάσοντες.
1145 674 1198 738 14.
1224 671 1341 739 Ταῦτα

220 787 297 881 ηοὶρΙ
315 788 434 874 δη’που
458 795 516 854 καὶ
545 788 668 855 Σόλων
693 786 806 868 εἰδως,
830 796 889 855 καὶ
912 788 1063 874 νομίζων
1076 787 1149 854 τῶν
1167 780 1340 873 άγωνιον-

220 913 335 991 μένων
367 904 451 985 τούς
483 906 544 991 μὲν
570 908 606 971 ἐν
631 912 746 991 φίλοις
769 918 842 985 τοῖς
868 907 1046 985 δικάζουσι
1072 907 1198 973 δαίσειν
1223 907 1341 992 λόγον,

219 1021 304 1099 τούς
342 1014 378 1089 δ’
408 1024 444 1088 ἐν
480 1022 642 1106 χαλεπῶς
678 1023 831 1107 ἔχουσιν,
867 1026 925 1090 ἵνα
960 1030 1208 1113 μηδετέρωθεν
1233 1047 1338 1089 κατα-

220 1140 413 1223 βλάπτοιτο
437 1136 478 1204 τὸ
504 1145 650 1217 δίκαιον,
686 1130 795 1229 ὅρκον
820 1139 938 1221 ἔταξεν
963 1133 1029 1208 οὐκ
1055 1140 1167 1205 ἐῶντα
1192 1124 1294 1228 χάριν
1317 1129 1340 1222 ἢ

226 1264 429 1344 δυσμένειαν
455 1250 578 1341 ἤτινα
603 1258 786 1347 πρόφασιν
803 1240 918 1343 Αάλλην
944 1250 1065 1325 άδικον
1091 1257 1274 1342 ἐνοχλῆσαι
1296 1256 1341 1343 τῇ

221 1380 341 1465 κρίσει.
370 1376 422 1440 15.
452 1380 521 1440 Καὶ
545 1374 609 1440 νῦν
634 1386 728 1459 μισεῖ
747 1399 797 1453 τις
827 1374 1034 1465 Σωκράτην,
1060 1366 1132 1440 ἀλλ’
1154 1366 1339 1459 ὀμώμοκεν
1398 1355 1401 1356 ⁷

222 1482 346 1577 ἥκιστα
383 1490 569 1576 ἑμπλτζσειν
601 1488 663 1557 τὸν
688 1480 801 1557 aizos
826 1488 957 1575 θυμίν,
985 1480 1057 1555 ἄλλ’
1083 1491 1116 1555 οῖ
1141 1495 1222 1555 θεοὶ
1246 1488 1340 1578 πρὸς

222 1608 285 1691 την
309 1608 435 1695 ψῆφον
458 1613 658 1692 βλέπουσιν,
682 1598 726 1693 ἣν
752 1598 772 1673 ὃ
798 1613 948 1693 θέμενος
979 1598 1026 1673 οὐ
1052 1613 1188 1673 δικαίαν
1213 1594 1340 1671 υποτί-

222 1731 340 1793 θεικεν
366 1715 464 1814 ὅρκῳ
488 1732 546 1790 καὶ
571 1714 679 1791 αὗτίν
704 1732 763 1790 καὶ
787 1731 916 1802 παῖδας
939 1731 998 1789 καὶ
1022 1723 1134 1789 οἰκίαν
1158 1730 1216 1789 καὶ
1227 1728 1341 1806 γένος,

222 1850 280 1909 καὶ
314 1842 441 1932 μικράς
473 1831 604 1927 ἡδονῆς
636 1840 787 1926 μεγάλην
813 1829 944 1924 ὗπίσχε
968 1837 1032 1924 την
1058 1841 1168 1923 δίκην.
1210 1836 1270 1922 Μὴ
1296 1836 1339 1923 δη

222 1958 332 2025 τοῦτο’
352 1981 404 2036 τις
428 1947 548 2048 ὁράτω
572 1958 693 2042 μόνον,
706 1948 760 2023 ὅτι
788 1958 984 2047 Σωκράτην
999 1950 1203 2032 ἀπεκτονώς
1218 1954 1340 2036 ἔξεισιν

223 2069 487 2161 άπηλλαγμένος
510 2074 573 2160 τῆς
588 2074 727 2141 Ιτούτου
752 2080 964 2163 παρρησίας,
979 2065 1063 2138 άλλα
1079 2063 1219 2137 κάκεῖνο
1232 2093 1340 2160 προς-

223 2174 464 2276 ενθυμείσθω,
488 2198 539 2268 τίς
564 2183 673 2258 αὐτὸν
699 2190 889 2272 διαδέξεται
903 2190 1000 2271 δόξα,
1013 2187 1071 2256 καὶ
1083 2196 1172 2268 τίνες
1191 2190 1339 2267 ἐλπίδες.

228 2312 278 2374 16.
305 2301 370 2375 Ἐν
395 2308 541 2397 θεάτρῳ
566 2308 628 2392 μὲν
652 2304 720 2396 γὰρ
734 2314 923 2391 κωμῳδίας
936 2298 1186 2396 ἀκροωμένους
1198 2304 1341 2388 γελάσαι

223 2434 281 2493 καὶ
318 2432 580 2494 συνεπιθέσθαι
616 2418 668 2509 τῷ
700 2424 819 2503 κακῶς
838 2410 1022 2491 7άκονόντι
1053 2430 1111 2489 καὶ
1135 2421 1341 2513 χαρίζεσθαι
1437 2459 1439 2462 -

223 2544 276 2627 τῷ
313 2542 457 2629 ποιητῇ,
494 2540 583 2607 καλὰ
608 2542 669 2626 μὲν
695 2533 779 2608 οὐδ’
805 2542 928 2619 ἐκεῖνα,
954 2539 1053 2620 δόξαι
1078 2529 1159 2616 δ’ἃν
1184 2529 1229 2603 οὗ
1253 2560 1341 2603 παν-

223 2661 375 2728 τάπασιν
413 2653 577 2750 άλλότρια
614 2664 810 2725 Διονυσίων
847 2660 945 2737 εἶναι,
983 2666 1041 2724 καὶ
1065 2648 1086 2723 ὁ
1111 2642 1220 2741 γέλως
1245 2647 1338 2721 άκίν-

224 2784 340 2855 δυνος·
377 2778 413 2843 ἐν
451 2782 665 2864 δικαστηρίῳ
703 2775 742 2840 δὲ
777 2762 798 2838 ὁ
836 2773 888 2855 τῷ
914 2772 1078 2839 διιάκοντι
1104 2768 1189 2848 δούς
1214 2766 1340 2835 ἑαυτὸν

223 2904 280 2962 καὶ
317 2894 391 2961 πᾶν
417 2886 552 2978 άληθές
576 2880 772 2977 ἠγοάμενος
795 2897 853 2956 καὶ
878 2887 1127 2979 συνταράττων
1151 2894 1209 2952 καὶ
1233 2890 1338 2969 βασα-

261 3104 306 3159 14.
327 3100 504 3176 ἐνοχλῆσαι,
526 3099 560 3155 R.
580 3118 619 3178 p„
641 3102 827 3173 ἐνοχλήσειν,
847 3094 884 3152 U·
905 3092 940 3151 V·

262 3202 306 3257 15·
328 3205 502 3271 ἐμπλήσειν,
531 3196 606 3254 Νσλ).
635 3215 686 3273 pro
716 3206 880 3269 ἐμπλῆσαι.
940 3198 1056 3254 δικαίαν
1087 3197 1141 3253 ὑπο
1177 3192 1340 3257 καταδίκην

223 3305 256 3365 λι
279 3306 323 3377 ὁρῇ
345 3308 394 3361 καὶ
416 3304 516 3369 αὑτόν,
536 3318 564 3373 p.
584 3296 668 3373 plane
688 3294 749 3352 sine
769 3313 861 3351 sensu.
921 3299 1016 3370 ὡρᾶτσ
1039 3299 1132 3365 μόνον,
1152 3310 1180 3365 Ρ.

262 3402 307 3457 16.
329 3409 549 3475 συνταράττον,
570 3400 740 3473 corruptum.

262 3603 306 3657 13.
327 3610 520 3669 κολάσοντες.
541 3598 571 3655 Si
591 3596 721 3655 codicum
742 3595 907 3661 auctoritate
927 3590 1002 3659 fidis,
1022 3589 1159 3647 Libanius
1179 3587 1236 3645 no'n
1248 3590 1340 3647 solum

223 3684 342 3760 κολάσω
371 3715 437 3753 vero
470 3695 554 3753 etiam
592 3702 706 3756 τελέσω
728 3698 756 3749 et
776 3697 894 3754 καλέσω
915 3686 1040 3765 scripsit3
1061 3686 1095 3743 af.
1117 3704 1188 3763 qnae
1208 3684 1341 3742 annotavi

223 3786 259 3855 aa
279 3799 290 3871 ρ
311 3800 328 3853 1
349 3802 377 3853 et
399 3796 460 3853 Lib.
482 3792 536 3853 ni.
559 3798 623 3864 ιιι,
646 3796 690 3850 ιι.

262 3900 308 3954 16.
329 3908 549 3971 σννταριίττων.
560 3892 686 3951 Verbum
698 3901 916 3964 συνταράττειν
927 3890 958 3946 in
968 3889 1039 3945 hanc
1047 3885 1214 3943 sententiam
1224 3883 1341 3940 minime

224 3995 368 4071 quadrare,
390 4014 477 4071 quum
497 4012 579 4050 nemo
600 3993 644 4062 sit,
665 3992 735 4068 quin
755 3989 965 4057 animadvertat,
997 3986 1092 4043 Gasda
1112 3988 1258 4061 ἐξετάζων
1277 4001 1341 4059 pro·

222 4094 326 4170 posuit,
366 4114 436 4171 quae
472 4099 566 4150 tamen
596 4095 756 4167 conjectura
785 4088 863 4147 omni
892 4086 1088 4163 probabilitate
1123 4083 1258 4140 destituta
1289 4085 1340 4138 est.

211 4204 438 4271 ’Σνμτρνίττοκ
470 4192 546 4271 quod
574 4193 648 4250 Nab.
678 4209 789 4247 mecum
819 4186 1043 4255 communicavit,
1074 4189 1102 4241 et
1128 4182 1164 4240 ad
1183 4181 1340 4238 litterarum

224 4292 326 4355 ductus
355 4299 384 4355 et
411 4292 447 4354 ad
467 4292 699 4374 significationem
718 4289 895 4370 aptissimum
916 4292 967 4357 est,
987 4287 1021 4343 cf.
1042 4284 1185 4343 Demosth.
1207 4285 1273 4340 404.
1294 4284 1339 4351 13,

1179 4384 1199 4447 2
