3159 5167
797 498 817 563 9

145 719 147 721 ’
246 712 340 777 modo
363 710 530 796 pecuniam
555 708 680 775 Socrati
703 708 887 793 promisisse
903 714 1066 789 narratur,
1081 714 1119 774 ut
1131 729 1207 781 eum
1219 728 1363 772 eorrum-

207 847 209 851 ·
246 833 346 913 peret,
371 828 450 893 ficta
472 827 608 892 fortasse
631 825 742 890 fabula
765 828 813 890 est
838 848 856 889 a
880 826 1016 892 Libanio
1039 826 1120 910 ipso.

292 944 468 1028 Postquam
492 946 599 1007 autem
623 942 702 1006 satis
725 941 807 1005 mihi
823 942 997 1006 ostendisse
1013 941 1098 1005 visus
1110 962 1191 1019 sum,
1205 941 1364 1025 quomodo

244 1064 400 1130 Libanius
436 1065 626 1148 argumenta
659 1059 722 1125 sibi
757 1061 988 1144 procuraverit,
1020 1060 1057 1124 de
1081 1059 1243 1125 codicibus
1267 1060 1363 1144 hujus

244 1171 486 1245 declamationis
511 1177 652 1242 breviter
676 1198 781 1262 agam.

289 1297 409 1362 Exstat
432 1294 527 1359 hodie
550 1292 711 1379 Apologia
736 1292 877 1359 Socratis
901 1294 936 1358 in
960 1294 1164 1380 undeviginti
1188 1292 1362 1370 codicibus,

246 1414 403 1497 equibus
428 1414 581 1495 quattuor
605 1410 656 1475 vel
679 1410 820 1496 quinque
845 1412 885 1475 ad
909 1414 1040 1496 textum·
1059 1409 1317 1474 constituendum
1330 1413 1363 1473 et

245 1530 476 1595 emendandum
500 1526 621 1591 auxilio
647 1548 714 1591 esse
737 1531 881 1610 possunt.
931 1525 1063 1592 Codices
1088 1530 1163 1591 sunt
1186 1525 1240 1589 hi:

163 1670 174 1698 ν
293 1691 514 1777 Augustanus·
540 1690 619 1754 483.
684 1644 719 1708 in
754 1650 893 1729 utroque
926 1644 1024 1708 verba
1047 1642 1121 1707 inde
1145 1665 1164 1705 a
1187 1640 1362 1730 πρόνοιαν

685 1750 738 1835 (R.
757 1751 838 1836 2,8.)
870 1772 970 1835 usque
1006 1751 1046 1815 ad
1086 1771 1190 1825 υυτος
1234 1753 1275 1814 δέ
1307 1747 1361 1833 (R.

291 1806 480 1935 Chisianus‘
693 1858 821 1943 5038.)
845 1859 970 1923 desunt.

291 1972 487 2041 Barberinus

292 2092 480 2169 Vaticanus,
506 2094 560 2157 81.

290 2208 441 2288 Urbinas,
470 2210 546 2273 126.

291 2323 537 2405 ottobonianus,
564 2326 606 2390 09
627 2326 718 2391 f01.1.

289 2441 535 2522 Laurentianus,
562 2443 675 2509 5720.

289 2556 534 2643 Neapolitanae,
555 2558 598 2623 II.
624 2558 721 2623 Ε.17.

289 2673 498 2754 Matritensis,
522 2675 578 2739 49.

289 2791 534 2871 Ambrosianus,
559 2792 585 2858 I.
612 2793 668 2857 49.

262 2963 269 2971 .
288 2907 532 2983 Ambrosianus,
557 2908 653 2973 Lot.

243 3017 246 3022 ’
287 3022 491 3105 Mutinensis,
522 3025 598 3091 181.

186 3193 189 3202 .
288 3139 475 3219 Esoorialis‚
501 3143 580 3207 471.

287 3246 472 3335 secorius,
498 3260 535 3325 r.
561 3260 604 3325 Π.
633 3261 675 3324 rs
701 3261 809 3345 (151).

287 3376 463 3455 Parisinus,
490 3377 591 3441 3014.

286 3491 465 3571 Parisinus,
491 3491 593 3555 3017.
618 3517 619 3523 “

286 3608 497 3686 MonacensiS,
524 3610 577 3673 99.

284 3723 651 3790 Athoo-Laurentianus.

284 3840 473 3906 Vaticanus,
498 3842 576 3907 941.
1062 3916 1065 3919 ,

286 3955 393 4023 Oodex
416 3957 518 4023 Paris.
547 3958 649 4037 3017,
674 3981 769 4044 quem
793 3957 917 4045 inspexi
936 3963 968 4023 et
982 3960 1071 4042 cujus
1083 3958 1187 4024 varias
1202 3957 1357 4050 lectiones

238 4074 399 4150 annotavi,
437 4075 556 4159 partim
591 4074 805 4159 bombycinus
838 4076 958 4160 partim
995 4075 1191 4153 chartaceus,
1228 4074 1268 4139 ab
1292 4095 1356 4139 uno

238 4190 372 4255 librario
397 4194 526 4255 exarata
548 4212 613 4256 uon
636 4190 775 4271 videtur,
800 4213 876 4275 pars
901 4191 985 4256 eninr
1010 4190 1099 4274 prior
1121 4190 1258 4254 fortasse
1271 4192 1357 4254 recte

238 4305 363 4371 saeculo
387 4305 509 4371 decimo
533 4306 631 4372 tertio
655 4306 867 4391 adjudicatur,
891 4328 967 4390 pars
983 4306 1086 4370 altera
1097 4304 1354 4391 decimoquarto.
