3159 5167
784 473 828 538 66

245 709 321 775 ροις
347 677 384 752 ο”
409 676 478 752 ούκ
502 685 647 762 ἐθέλειν,
672 681 851 768 ψεύσεται.
879 686 949 747 Καὶ
966 670 1083 758 οὕτως
1099 681 1189 746 ἐστὶν
1203 670 1359 763 άναιάής,

245 793 340 870 ὥσθ’
365 792 463 892 ὁρῶν
488 803 524 868 ἑν
548 789 628 887 ὑμῖν
651 807 710 867 καὶ
733 810 806 878 τοῖς
838 798 1102 889 περιεστηκόσιν
1127 788 1194 863 ούκ
1220 787 1359 880 ὀλίγους

244 919 316 986 τῶν
340 926 398 985 καὶ
421 919 619 1008 χαιρόντων
642 925 701 984 καὶ
724 916 906 983 συνόντων
930 923 988 982 καὶ
1013 921 1206 1005 χρωμένων
1228 919 1287 980 καὶ
1306 903 1358 978 τόν

245 1033 365 1101 είιάθει
401 1039 509 1120 λέγειν
546 1027 764 1119 άκηκοότων,
803 1025 900 1119 ὅμως
936 1039 1045 1117 φησὶν
1082 1022 1191 1097 αὐτόν
1216 1028 1359 1114 φεύγειν

244 1151 414 1237 μὲντοὺς
440 1144 581 1242 άνιίρας,
606 1152 776 1241 θηρεύειν
803 1151 841 1217 σε’
864 1149 930 1236 την
952 1150 1110 1234 νεότητα.
1139 1145 1278 1232 Νομίζει
1291 1143 1358 1234 γὰρ

245 1257 345 1352 ὑμᾶς,
382 1257 433 1334 ὦν
470 1257 589 1347 αὐτοῖς
623 1269 761 1335 σύνιστε
789 1264 898 1358 παρὰ
934 1267 1051 1333 πάντα
1083 1263 1145 1332 τόν
1169 1254 1359 1354 χρόνον,ἃ

244 1383 309 1450 νύν
334 1375 478 1450 όκούετε
502 1385 692 1474 πιστότερα
707 1383 900 1470 θήσεσθαι
932 1384 1007 1447 130.
1040 1387 1159 1471 Χωρὶς
1171 1381 1210 1447 σε’
1221 1378 1358 1446 τούτων

245 1498 276 1565 εἰ
297 1499 358 1584 μὲν
383 1489 492 1567 αότὸν
515 1501 578 1586 μὲν
604 1501 826 1578 οἰσάσκαλον,
851 1501 978 1584 οἴκημα
1003 1503 1043 1566 σέ
1063 1522 1097 1564 τι
1121 1501 1358 1564 σισαοκαλείον

244 1613 462 1703 προςειπων,
484 1615 642 1682 ἐνταῦθα
667 1617 839 1705 ἱσρυθεὶς,
876 1612 1051 1705 θυρωρόν
1077 1605 1266 1694 άποσείξας
1288 1625 1360 1690 τοῖς

243 1730 306 1816 μεν
331 1732 466 1810 είςιέναι
491 1739 623 1821 παρίει,
647 1743 720 1810 τοῖς
731 1757 734 1764 ’
746 1733 784 1799 σὲ
801 1731 862 1818 μη,
875 1731 1006 1818 μᾶλλον
1020 1731 1059 1798 σε’
1071 1730 1181 1816 νόμον
1196 1732 1360 1798 έτεθείκει

244 1853 336 1927 νέοις
370 1851 433 1935 μὲν
471 1850 636 1929 είςελθεῖν
660 1853 759 1930 εἶναι,
785 1854 1040 1941 πρεσβυτέροις
1070 1849 1109 1916 σε’
1131 1846 1191 1934 μὴ,
1214 1840 1292 1933 τάχ’
1317 1841 1359 1914 ἄν

163 1956 165 1959 ’
244 1988 296 2044 τις
319 1955 511 2034 ύποίπτευε
524 1966 589 2053 την
602 1976 805 2035 συνουσίαν·
819 1968 850 2035 εἰ
861 1961 898 2035 d’
913 1960 1000 2035 οὗθ’
1012 1957 1184 2052 ὑπέσχετο
1199 1965 1359 2047 άιάάξειν,

233 2073 327 2148 οὔτε
363 2082 497 2166 μόνους
531 2080 618 2160 τούς
654 2084 768 2162 νέους,
802 2081 988 2167 πανταχοῦ
1011 2083 1059 2160 σε’,
1085 2070 1131 2148 οὖ
1154 2081 1226 2148 τῶν
1252 2086 1359 2147 άιαλε·

246 2196 402 2284 ξομένων
426 2199 579 2283 λάβοιτο,
603 2192 701 2267 τοῦτ’
726 2192 770 2286 ἦν
796 2192 896 2284 αὐτῷ
919 2205 1055 2290 χωρίον
1068 2199 1258 2288 διατριβῆς,
1271 2199 1359 2285 φάσ-

246 2339 343 2382 κοντι
366 2316 562 2401 μανθάνειν
588 2319 786 2402 ἐπιθυμεῖν,
819 2316 940 2400 κύκλῳ
971 2308 1003 2381 τ’
1028 2306 1137 2381 αύτὸν
1160 2307 1265 2398 ὄχλος
1287 2314 1359 2381 τῶν

246 2434 469 2519 βουλομένων
494 2439 684 2525 περιέρρει,
719 2442 757 2501 τί
778 2441 832 2502 det
850 2435 960 2501 τοῦτο
983 2439 1104 2519 λέγειν,
1129 2422 1179 2512 οἷς
1202 2444 1275 2511 τοῖς
1298 2435 1360 2519 μέν

102 2573 169 2632 Rsk
183 2577 228 2632 41,
249 2549 372 2637 συνῆν,
394 2555 398 2636 Ι
419 2562 491 2628 τοῖς
516 2543 550 2616 ά
576 2543 638 2628 οὕς
668 2544 720 2619 oi>
744 2548 813 2641 γάρ
844 2550 1038 2637 Σωκράτης
1061 2545 1145 2627 τούς
1168 2548 1230 2632 τῆς
1250 2540 1359 2633 α’κοῆς

249 2667 515 2753 ἐπιθυμοῦντας
553 2660 766 2752 ἀπήλαυνεν,
805 2660 879 2734 ἄλλ’
916 2670 950 2735 οἱ
973 2667 1082 2752 μησίν
1107 2665 1265 2752 σεάμενοι
1288 2667 1360 2732 τῶν

248 2782 364 2866 λόγων
388 2774 433 2849 ού
457 2784 641 2872 προςῇσαν
663 2786 856 2875 Σωκράτει.
885 2786 961 2849 131.
993 2780 1046 2849 Σύ
1060 2783 1099 2848 σε
1110 2781 1361 2871 παραπλήσιον

248 2905 372 2976 ποιεῖς,
409 2889 530 2988 ὥσπερ
569 2890 611 2965 ἂν
649 2900 679 2967 εἰ
712 2913 785 2980 τοῖς
822 2894 961 2985 άνέμοις
994 2901 1149 2984 ἑγκαλοῖς
1172 2889 1264 2989 ύπὲρ
1288 2900 1361 2965 τῶν

249 3019 346 3081 πλεῖν
382 3007 427 3096 ού
462 3019 698 3100 βουλομένων,
735 3007 827 3103 ἣνη
852 3020 915 3083 Δία
938 3039 978 3101 γε
1001 3027 1075 3094 ταῖς
1099 3016 1244 3105 κρήναις
1268 3005 1360 3106 ὑπὲρ

249 3131 320 3197 τῶν
345 3123 412 3215 ούχ
437 3121 696 3223 όσρευομένων.
732 3133 776 3199 Εἰ
799 3134 838 3199 σε’
862 3139 917 3199 del
936 3140 994 3198 καὶ
1017 3130 1082 3218 την
1107 3131 1219 3199 αἰτίαν
1242 3132 1362 3211 εἰπεῖν,
1453 3131 1457 3140 '

249 3246 367 3313 πόθεν
391 3254 463 3314 νέοι
486 3245 618 3334 μᾶλλον
642 3239 665 3334 ἢ
690 3251 924 3339 πρεσβύτεροι
956 3260 1113 3335 μετεῖχον
1137 3249 1210 3316 τῶν
1234 3249 1361 3334 λόγων,

251 3352 356 3428 ούιίὲν
393 3363 465 3453 ε’ρῶ
500 3369 672 3445 ποικίλον,
708 3357 780 3432 ἄλλ’
817 3357 839 3432 ὃ
874 3364 974 3455 παρὰ
1010 3377 1083 3443 τοῖς
1107 3363 1281 3452 μουσικην
1304 3373 1360 3433 καὶ

162 3487 164 3490 ’
247 3478 430 3567 γράμματα
473 3488 531 3547 καὶ
577 3473 683 3548 τόλλα
728 3482 933 3549 άιόάσκονσι
970 3488 1114 3561 πλείους
1148 3496 1246 3550 ποιεῖ
1278 3483 1362 3562 τούς

238 3596 361 3670 νέους,
396 3593 503 3660 τούτο
535 3602 593 3661 καὶ
626 3594 726 3685 παρὰ
749 3596 853 3680 τῷάε.
883 3605 928 3664 Τί
949 3587 1015 3664 οὖν
1039 3597 1151 3665 τοῦτό
1172 3600 1283 3676 ε’στινς
1315 3597 1362 3665 ss)

288 3799 352 3857 129·
374 3803 424 3862 οὐκ
453 3804 578 3878 ὀλίγοις,
608 3802 925 3878 Ρ.,οὗκ1λίγοος,Β.
993 3807 1028 3867 ὦν
1059 3806 1094 3867 ἂν
1127 3808 1240 3876 αὐτοῖς,
1262 3801 1305 3873 Β,
1327 3806 1362 3866 ἷιι

251 3903 365 3970 αὑτοῖς,
384 3897 421 3956 U·
441 3897 485 3969 V„
508 3903 542 3963 όν
564 3904 660 3968 αὐτοί,
679 3920 707 3977 p.

289 4000 354 4054 130.
375 4001 491 4074 είςιένιιι
513 4008 625 4075 παρείη,
644 4019 682 4076 p.,
702 4005 820 4072 είςιέναι
842 4009 947 4078 παρίει,
967 4001 1001 4059 Β.
1034 4017 1037 4019 “
1062 4009 1169 4066 τοῦτον
1191 4007 1292 4080 λέγειν
1312 4021 1363 4078 pro

253 4105 344 4161 τοῦτο
365 4105 487 4176 λέγειν..
507 4116 535 4173 P·
1042 4111 1047 4118 ’

290 4198 354 4254 131.
375 4195 529 4274 ἐγκαλεῖν.
549 4197 592 4268 Β,
617 4201 772 4278 ἐγκαλεῖς,
793 4200 824 4257 L.
844 4199 880 4262 U.
902 4199 947 4271 V.,
967 4200 1048 4283 inp.
1068 4200 1307 4282 suprascriptum
1321 4207 1362 4260 es't

164 4373 167 4380 .
253 4303 408 4378 ἐγκαλεῖς.
