3159 5167
799 459 839 525 21

262 656 397 757 άνδρες,
428 668 516 753 μνᾶς
550 660 649 752 αὐτῷ
683 667 749 734 τοῦ
785 666 922 758 πατρὸς
945 659 1052 755 ηνίκα
1078 648 1236 735 ἐτελεύτα
1262 690 1375 758 παρα-

262 784 397 863 δόντος,
420 791 478 851 καὶ
502 784 611 851 ταῦτα
633 774 825 871 ἡλικιώτου
848 783 944 862 τινὸς
969 777 1026 851 ἐπ’
1039 787 1183 874 ἐργασίᾳ
1197 784 1374 868 λαβόντος,

261 899 380 967 ’ἔπειτα
403 908 486 990 περὶ
508 899 573 987 την
600 893 764 991 ἐργασίαν
790 894 1042 989 ἀτυχήσαντος,
1068 903 1150 989 σιγῇ
1175 900 1216 967 τὸ
1241 900 1376 987 συμβάν

261 1007 382 1103 ἤνεγκε
412 1016 616 1105 Σωκράτης,
639 1024 702 1111 Ικαὶ
726 1016 858 1100 μάλλον
882 1010 925 1084 άν
949 1042 1001 1095 τις
1020 1015 1154 1102 acinus}
1168 1022 1376 1105 προεμένων

259 1131 301 1198 τὸ
326 1126 497 1223 ἀργύριον
524 1126 685 1220 ι’μνησθη
710 1141 793 1224 περὶ
815 1135 947 1201 τούτου
972 1126 996 1222 ἢ
1022 1127 1129 1213 αὐτὸς
1153 1124 1173 1200 d
1199 1135 1375 1212 δεδωκάς.

260 1246 399 1315 Λοιπὸν
433 1242 497 1317 οὖν
537 1240 582 1336 ην
615 1249 677 1336 ζῆν
715 1252 750 1317 ἑν
788 1242 967 1337 άμυθητῳ
1003 1258 1117 1338 πενίᾳ.
1165 1252 1220 1315 24.
1253 1258 1294 1316 Τι’
1312 1235 1377 1317 οὖν

261 1369 443 1451 έποίησενς
474 1359 527 1435 Οὔ
549 1371 708 1452 μετέβαλε
732 1365 797 1453 την
821 1366 929 1447 τάξιν,
956 1358 1080 1453 ε’πειδη
1104 1366 1176 1432 τῶν
1202 1359 1376 1456 ἀφορμῶν

267 1476 442 1574 ἐστέρητο,
479 1476 559 1551 αὖά
595 1476 705 1570 ᾠήθη
743 1488 813 1551 δεῖν
852 1483 970 1573 ἕτερος
996 1476 1032 1549 ἵν
1057 1483 1189 1571 ἑτέροις
1211 1490 1378 1567 γενέσθαι

265 1614 411 1693 καιροῖς,
436 1595 508 1668 ἀλλ’
533 1595 701 1692 ἐτήρησεν
726 1594 890 1687 άκίνητον
914 1600 979 1688 την
1002 1603 1145 1687 γνώμην
1171 1600 1228 1668 διὰ
1258 1608 1378 1679 τέλους

252 1712 368 1804 οὔσης
393 1712 491 1803 αὐτῷ
515 1718 681 1804 γυναικὸς
704 1727 763 1785 καὶ
787 1726 938 1786 παίσων.
963 1712 1059 1785 Ἀντί
1082 1718 1151 1808 γὰρ
1176 1720 1241 1785 τοῦ
1266 1719 1377 1805 ζητεῖν

260 1826 431 1924 εὐπορίας
456 1826 501 1900 οὗ
521 1832 629 1911 καλάς
652 1842 710 1900 καὶ
734 1846 890 1913 σκοπεῖν,
916 1825 1005 1901 ὅθεν
1031 1826 1073 1901 ἂν
1099 1827 1174 1901 riori
1198 1835 1271 1901 τῶν
1285 1835 1377 1919 οἰχο-

260 1955 374 2035 μένων
399 1940 497 2032 circi
534 1954 671 2032 γένοιτο
695 1949 870 2037 χρηματα,
893 1950 957 2035 τῆς
982 1950 1143 2034 δαπάνης
1168 1942 1296 2035 dorae,
1320 1957 1377 2016 καὶ

260 2062 392 2153 μᾶλλον
436 2063 556 2156 (πρὸς)
603 2063 645 2130 τὸ
689 2064 737 2151 μη
775 2071 915 2132 δεῖσθαι
950 2067 1134 2133 τοσούτων
1171 2069 1377 2133 ἐπαίδευσεν

299 2244 344 2301 24.
365 2247 541 2317 μετέβαλλε
553 2261 604 2317 pro
615 2221 780 2317 μετέβαλε,
792 2262 819 2319 p.
880 2248 1025 2317 ἐτίμησεν,
1040 2262 1067 2317 p.
1078 2242 1110 2299 L.
1123 2243 1160 2300 U.
1173 2242 1216 2312 V„
1239 2247 1378 2311 ἐνίκησεν,

259 2339 295 2397 R.
355 2352 403 2416 καὶ
425 2349 547 2416 μᾶλλον
567 2362 618 2420 pro
639 2350 759 2416 μᾶλλον
782 2348 841 2410 καί,
862 2339 930 2397 00¹0.
991 2346 1059 2416 πρίς
1079 2346 1143 2398 ante
1166 2350 1198 2403 ολ
1211 2341 1376 2416 μίίιιεοιοὶ.

258 2492 290 2547 iu
321 2509 348 2567 p.
373 2490 447 2548 inter
466 2489 579 2547 Libanii
599 2510 683 2567 opera
702 2490 856 2559 invenitur,
878 2495 1072 2562 ἀποδιδόντες
1093 2502 1122 2553 et
1141 2499 1377 2569 κοιτκλιπίνπες.

259 2594 302 2651 Ex
334 2595 385 2652 hac
412 2594 552 2671 imprimis
580 2595 706 2652 oratione
736 2593 833 2652 videre
863 2613 1021 2669 possumus,
1052 2615 1139 2671 quum
1169 2597 1259 2653 multo
1279 2598 1379 2654 melior

259 2693 348 2751 codex
377 2694 507 2771 supersit,
541 2695 683 2770 quomodo
712 2694 854 2763 librarius,
887 2694 934 2751 cui
954 2694 1081 2751 codicem
1100 2715 1128 2771 p.
1149 2694 1293 2765 debemus,
1315 2716 1379 2772 pec·

259 2813 320 2851 care
353 2793 449 2860 soleat,
476 2812 529 2849 neo
560 2792 640 2869 parvi
660 2793 713 2850 hoc
735 2793 941 2850 aestimandum
960 2792 1042 2849 nobis
1062 2798 1113 2861 est,
1134 2813 1222 2870 quum
1241 2794 1330 2851 codex
1349 2814 1377 2869 p.

258 2892 369 2969 saepius
397 2891 528 2949 meliores
558 2891 698 2949 lectiones
719 2891 882 2968 suppeditet
902 2896 931 2949 et
947 2894 1011 2966 jure
1030 2891 1105 2949 inter
1125 2892 1245 2967 optimos
1266 2892 1379 2951 Libanii

257 2991 369 3049 codices
397 2989 539 3049 habeatur.
578 2990 753 3048 Boeokhium
783 2990 873 3060 adeat,
906 2990 1068 3067 quicunque
1099 2989 1135 3047 de
1155 2990 1310 3048 hereditate
1328 2992 1379 3049 illa

257 3093 339 3168 plura
357 3092 428 3149 scire
446 3092 515 3160 vult,
537 3090 571 3147 of.
592 3090 659 3148 Oeo.
681 3077 741 3147 eiu.¹
756 3090 778 3149 Ι.
801 3111 829 3167 p.
852 3094 905 3147 159
927 3090 971 3147 ed.
993 3109 1048 3149 seo.

298 3194 343 3249 24.
364 3190 451 3247 Haud
469 3189 589 3247 dubium
609 3195 660 3259 est,
680 3190 757 3266 quod
777 3189 809 3247 in
828 3189 1142 3265 praefationeamplius
1162 3190 1287 3259 tractavi,
1308 3190 1378 3267 quin

260 3308 325 3345 oum
345 3308 360 3346 e
380 3289 505 3347 Platonis
526 3288 638 3366 scriptis
658 3293 719 3345 tum
740 3307 755 3345 e
775 3288 973 3363 Xenophontis
993 3288 1143 3345 maximam
1163 3293 1270 3363 partem
1290 3308 1379 3363 argu-

259 3394 353 3447 menta
381 3394 477 3447 noster
506 3393 650 3446 mutuatus
681 3387 726 3457 sit,
763 3387 799 3445 ad
820 3387 896 3465 quod
916 3387 1093 3464 probandum
1112 3393 1276 3462 argumento
1297 3386 1378 3445 nobis

258 3488 343 3547 ctiam
363 3508 422 3547 esse
441 3493 542 3565 potest,
563 3488 640 3565 quod
660 3488 774 3546 Libanii
793 3494 903 3545 textum
921 3488 1022 3545 horum
1042 3507 1095 3564 ope
1115 3489 1227 3545 reficere
1248 3507 1379 3544 nonnun-

258 3606 342 3665 quam
370 3586 517 3661 contingit.
555 3586 724 3662 Exemplum
744 3585 826 3643 dabo.
847 3587 882 3643 lu
900 3586 952 3643 hac
972 3585 1144 3661 paragrapho
1163 3584 1249 3641 verba
1269 3588 1378 3658 ιἰοεῖλε

258 3701 379 3764 μᾶλλον
400 3686 521 3745 Oobctus
542 3687 721 3763 transposuit,
743 3705 795 3743 neo
815 3692 909 3743 tamen
929 3684 963 3743 ab
984 3685 1061 3742 omni
1079 3690 1158 3761 parte
1177 3688 1289 3740 sanatus
1308 3683 1379 3740 mihi

256 3788 335 3846 loeus
353 3786 474 3855 videtur,
494 3784 632 3861 imprimis
652 3785 719 3862 quia
738 3805 829 3842 uuum
861 3768 1029 3842 vocabulum
1049 3783 1180 3841 addendo
1200 3802 1266 3840 vera
1283 3782 1378 3851 lectio,

256 3888 313 3945 nisi
331 3886 420 3955 fallor,
441 3884 562 3942 elicitur.
583 3883 618 3940 Iu
638 3884 710 3941 Xeu.
731 3884 820 3942 Mem.
841 3882 865 3941 Ι.
886 3886 913 3941 2.
935 3886 950 3940 1
972 3883 1109 3959 legimus:
1132 3888 1181 3945 ἐ’πι
1204 3888 1236 3944 δὲ
1258 3890 1326 3955 πρλς
1343 3889 1376 3943 ab

257 3996 377 4066 μετρίων
398 3984 518 4050 δεῖσθαι
535 3991 775 4061 πεπαιδευμένοι,
797 3984 900 4061 quibus
922 3984 1012 4043 verbis
1022 3984 1161 4042 adductus
1170 3984 1216 4041 hio
1226 3982 1378 4057 legendum

256 4094 338 4164 puto:
362 4096 409 4149 καὶ
431 4088 524 4164 (apia)
546 4095 579 4149 τδ
602 4098 640 4159 μη
663 4084 784 4147 δεῖσθαι
808 4092 955 4148 τοσούτων
968 4092 1137 4147 emtarum
1152 4089 1267 4146 ἔαυτόν.
1288 4084 1377 4159 Saepe

255 4188 426 4267 praepositio
459 4194 528 4261 πρός
564 4206 615 4263 per
645 4186 874 4263 compendiolum
903 4186 1006 4262 scripta
1036 4185 1149 4243 excidit.
1180 4184 1243 4241 Tali
1262 4202 1376 4261 quoque

255 4287 468 4346 ratiocinatione
487 4292 631 4363 permotus
651 4285 725 4343 Oob..
740 4285 771 4342 in
791 4286 803 4359 t
825 4288 859 4343 25
874 4292 1031 4357 πλείστοις
1042 4291 1107 4342 ante
1118 4291 1230 4364 μέλλοι
1246 4282 1376 4343 inseruit.
